1997 3256
476 136 802 176 ADVERSUS
837 138 872 176 A
886 138 1356 178 RISTOCRATEM.
1589 140 1668 182 921

162 246 344 282 stratum
365 257 401 295 p.
425 251 519 296 915.
545 246 587 282 et
609 253 704 295 937.
727 242 994 294 ἀνδρολήψιον
1016 243 1066 282 (10
1092 243 1178 283 sola
1206 243 1571 297 comprehensione
1601 244 1672 284 ho-

161 298 317 337 minum
338 297 540 338 usitatum
562 297 699 338 fuisse.
737 298 966 338 WJCBER.

218 356 313 406 647,
339 364 402 407 25.
428 355 676 407 ὑπόσχωσιν]
717 354 901 394 Subaudi
932 353 1019 404 παρ’
1043 355 1099 396 οἷς
1132 354 1180 394 ἂν
1201 354 1244 393 τὸ
1273 354 1394 395 πάθος
1429 354 1598 405 γένηται,
1625 360 1672 395 ut

160 425 199 463 p.
219 411 313 460 648,
335 422 396 461 17.
420 409 488 457 illi,
511 410 623 463 apud
644 426 746 463 quos
768 411 914 451 caedes
936 410 1016 450 erit
1037 414 1281 463 perpetrata
1303 414 1345 449 et
1365 425 1391 450 a
1413 410 1562 462 quibus
1584 415 1670 451 tres

160 465 268 505 cives
304 466 566 505 abducentur
605 466 791 521 pignoris
826 467 916 506 loco
952 466 1093 514 futuri,
1132 466 1262 505 donec
1298 480 1455 519 poenae
1496 467 1671 519 peremti

159 522 323 561 dentur.
366 522 562 561 RElSK.

217 579 314 629 648,
340 591 404 617 21.
432 577 915 632 τοὺς-ὑποδεξαμένους]
950 577 1167 617 Articulus
1203 577 1344 616 multis
1376 576 1511 617 verbis
1544 577 1671 617 inter-

159 633 306 686 positis
327 634 380 673 ab
398 634 563 673 nomine
585 649 659 672 suo
676 634 900 686 sejunctus,
916 639 962 674 ut
980 633 1021 672 111
1042 634 1133 673 1000
1154 633 1207 672 ab
1225 633 1410 672 NVebero
1430 638 1672 685 comparato

159 704 197 742 p.
223 702 287 741 72,
314 691 377 730 28.
406 690 508 732 τοὺς
536 690 590 728 ὅτ’
613 691 689 740 ἐγὼ
717 691 923 741 γεγονυίας
947 690 1017 740 ἤδη
1038 692 1104 738 τῆς
1132 688 1282 739 εἰρήνης
1310 689 1385 728 ἀπὸ
1415 691 1480 737 τῆς
1507 689 1673 739 ὑστέρας

158 746 261 794 ἥκων
287 747 502 797 πρεσβείας
533 749 596 795 τῆς
629 746 690 785 ἐπὶ
720 746 807 787 τοὺς
838 747 986 795 ὅρκους,
1018 746 1250 793 αἰσθόμενος
1276 743 1582 795 φενακιζομένην
1603 745 1673 794 τὴν

159 802 289 848 πόλιν,
322 803 542 853 προῦλεγον
575 803 635 841 καὶ
666 803 969 852 διεμαρτυρόμην
1000 801 1062 840 καὶ
1095 800 1162 839 οὐκ
1194 801 1283 839 εἴων
1312 799 1504 850 προέσθαι
1535 801 1673 842 Πύλας

159 858 247 897 οὐδὲ
269 857 438 904 Φωκέας,
465 858 700 909 λέγοντας
732 858 780 899 ὡς
811 858 887 908 ἐγὼ
918 858 990 906 μὲν
1015 858 1114 907 ὕδωρ
1146 857 1270 895 πίνων
1298 856 1453 897 εἰκότως
1484 857 1673 898 δύσκολος

161 914 223 952 καὶ
244 914 458 964 δύστροπός
481 915 559 963 εἰμί
576 930 631 954 τις
652 914 865 963 ἄνθρωπος,
889 914 1086 953 Φίλιππος
1108 910 1210 951 ὃ’-.

217 971 314 1021 649,
334 982 374 1020 4.
398 968 613 1022 NOMOE]
651 969 770 1008 Duae
796 973 1028 1021 sequuntur
1054 968 1176 1021 leges,
1201 981 1306 1020 quac
1335 966 1414 1007 etsi
1444 982 1526 1007 non
1551 982 1573 1007 e
1599 983 1671 1008 nu-

158 1038 273 1064 mero
294 1025 536 1078 capitalium
558 1030 668 1073 sunt,
687 1030 828 1065 tamen
848 1024 1063 1064 commode
1084 1024 1139 1064 ad
1159 1024 1284 1063 finem
1302 1023 1672 1064 demonstrationis

159 1095 269 1128 suae,
294 1080 334 1119 in
357 1096 437 1134 qua
455 1081 496 1120 τὸ
518 1081 745 1131 παράνομον
761 1084 986 1129 tractatur,
1003 1080 1200 1134 apposuit
1221 1084 1376 1119 orator.
1425 1080 1546 1120 Haec
1564 1081 1671 1120 enim

158 1136 272 1189 prior
301 1141 418 1177 vetat
449 1136 491 1176 in
523 1137 661 1190 privos
695 1136 882 1177 homines
914 1137 1024 1191 leges
1057 1135 1154 1176 ferri
1185 1150 1290 1189 quae
1327 1150 1409 1175 non
1444 1136 1497 1176 ad
1530 1151 1672 1177 omnes

158 1207 290 1245 aeque
320 1193 572 1246 pertineant,
600 1192 641 1232 id
673 1201 747 1240 est,
776 1193 989 1247 privilegia
1021 1192 1062 1231 in
1096 1192 1353 1245 privatorum
1384 1191 1566 1245 gratiam
1597 1197 1672 1233 aut

158 1249 355 1288 damnum
384 1248 572 1303 irrogari.
635 1250 756 1300 Quod
787 1249 907 1289 sicuti
939 1263 1021 1288 non
1052 1248 1205 1288 licebat
1234 1263 1309 1302 per
1340 1248 1450 1301 leges
1481 1248 1582 1298 fieri,
1612 1249 1672 1289 ita

158 1305 289 1344 multo
310 1305 540 1358 minusper
564 1305 861 1358 psephismata,
885 1320 991 1358 quae
1022 1304 1099 1344 illis
1128 1318 1210 1344 non
1232 1305 1432 1344 deberent
1460 1305 1672 1346 contraria

159 1375 272 1401 esse:
305 1361 426 1415 quale
452 1361 531 1401 fuit
558 1361 846 1409 AristocratiS,
868 1366 916 1401 ut
938 1361 1049 1415 quod
1077 1360 1326 1401 Charidemo
1357 1362 1527 1409 faveret,
1559 1361 1672 1402 dam-

158 1431 305 1457 nosum
326 1422 468 1458 autem
490 1418 577 1470 ejus
599 1417 855 1458 interfectori
879 1422 921 1457 et
942 1417 1019 1471 ipsi
1042 1416 1202 1457 civitati
1225 1421 1347 1456 esset.
1400 1416 1507 1456 Nam
1529 1417 1571 1456 in
1592 1417 1672 1458 hae

157 1473 258 1527 lege,
283 1488 388 1527 quae
412 1474 465 1513 ab
489 1476 636 1513 Aenea
658 1474 837 1522 Gazaeo,
860 1473 1178 1527 Neoplatonico,
1202 1472 1244 1511 in
1267 1473 1559 1526 Theophrasto
1588 1473 1672 1514 sive

158 1529 322 1583 dialogo
345 1530 395 1569 de
416 1529 745 1578 ilmnortalitate,
771 1530 933 1569 Solonis
959 1543 1047 1569 esse
1069 1529 1232 1577 dicitur,
1256 1528 1383 1568 situm
1405 1534 1497 1569 erat
1518 1532 1583 1579 τῆς
1603 1547 1671 1570 πο-

156 1587 305 1627 λιτείας
322 1586 652 1626 fumlamentum.
697 1586 886 1626 Eandem
904 1585 1210 1625 Demosthenes
1226 1584 1419 1625 adhibuit
1436 1585 1477 1624 in
1493 1585 1671 1626 Timocr.

156 1656 195 1695 p.
215 1654 310 1694 719.
332 1646 375 1682 et
393 1642 633 1682 Andocides
655 1643 705 1682 de
726 1647 899 1696 myster.
917 1657 957 1695 p,
980 1655 1053 1689 12.,
1076 1641 1278 1695 adjuncta
1298 1642 1376 1681 hac
1399 1641 1642 1695 exceptione
1661 1659 1668 1682 :

158 1699 228 1737 ἐὰν
247 1699 298 1747 μὴ
326 1700 602 1750 ἑξακισχιλίοις
633 1700 723 1752 δόξῃ
753 1700 922 1750 κρύβδην
942 1699 1237 1750 ψηφιζομένοις.
1302 1697 1540 1738 Recurrunt
1570 1698 1671 1752 legis

157 1754 283 1793 verba
304 1759 411 1794 orat.
436 1766 470 1793 2.
495 1755 536 1793 in
561 1754 760 1808 Stephan.
778 1770 817 1808 p.
838 1767 970 1807 1132.,
994 1754 1066 1794 sed
1088 1753 1130 1793 in
1151 1753 1289 1794 media
1310 1754 1515 1801 oratione⁷
1538 1769 1672 1807 neque

156 1810 232 1849 sub
264 1810 364 1864 legis
396 1810 520 1850 titulo
548 1810 703 1850 allata:
741 1812 848 1850 ἀλλὰ
877 1811 953 1860 μὴν
975 1811 1014 1849 οἵ
1040 1827 1086 1861 γε
1118 1811 1228 1860 νόμοι
1259 1811 1547 1861 ἀπαγορεύουσι
1577 1813 1672 1860 μηδὲ

157 1867 278 1915 νόμον
300 1868 442 1916 ἐξεῖναι
466 1866 523 1906 ἐπ’
542 1868 652 1917 ἀνδρὶ
673 1870 811 1912 θεῖναι,
831 1866 879 1906 ἂν
899 1867 949 1916 μὴ
970 1866 1040 1906 τὸν
1057 1866 1174 1905 αὐτὸν
1194 1865 1255 1915 ἐφ’
1275 1866 1421 1905 ἅπασιν
1435 1865 1669 1916 Ἀθηναίοις,

156 1920 197 1960 111
221 1922 372 1974 quibus
393 1922 546 1962 omissa
567 1927 631 1962 est
654 1922 812 1976 pariter
832 1928 960 1976 atque
982 1922 1059 1961 hoc
1082 1922 1170 1961 loco
1192 1921 1260 1961 illa
1282 1922 1483 1975 exceptio,
1502 1922 1556 1962 ad
1578 1937 1671 1976 pro-

155 1978 339 2017 bandum
360 1978 656 2032 psephismatis
677 1979 904 2029 παράνομον
926 1992 1007 2017 11011
1030 1978 1275 2018 necessaria.
1315 1978 1376 2017 Cf.
1398 1992 1503 2030 quae
1520 1978 1571 2017 (10
1592 1979 1670 2018 hac

156 2033 244 2087 lege
267 2034 523 2088 scripserunt
546 2034 712 2075 Petitus
736 2035 833 2088 Leg.
858 2034 992 2074 Attio.
1014 2047 1049 2081 2,
1073 2047 1103 2082 1,
1124 2036 1161 2073 8.
1183 2049 1223 2087 p.
1244 2034 1334 2073 188.
1358 2034 1671 2074 Schoemannus

145 2090 207 2129 ‘de
241 2091 419 2131 comitiis
453 2090 776 2131 Atheniensium
808 2106 845 2144 p.
872 2102 982 2144 273„
1006 2089 1191 2130 Meierus
1217 2090 1268 2130 de
1297 2089 1370 2130 lite
1392 2091 1488 2130 Att.
1510 2105 1550 2144 p.
1576 2091 1669 2141 284.

160 2146 399 2186 WEBER.

213 2204 307 2254 649,
335 2216 398 2243 20.
431 2203 643 2257 ΝΟΜΟΣ]
677 2202 795 2243 Haec
828 2202 894 2243 lex
926 2202 1150 2256 conjuncta
1182 2216 1275 2242 011111
1303 2202 1515 2256 superiore
1543 2203 1670 2243 etiam

154 2259 267 2311 apud
284 2259 546 2299 Andocidem
568 2259 618 2299 de
639 2263 864 2312 111)’81;01·.1).
885 2271 948 2298 12.
966 2259 1185 2299 invenitur.
1232 2260 1340 2298 Eam
1362 2259 1402 2297 in
1426 2264 1669 2299 transcursu

155 2314 330 2368 attingit
353 2315 657 2355 Demosthenes
686 2315 727 2354 in
751 2315 976 2355 Timocrat.
998 2330 1038 2368 p.
1063 2327 1158 2367 709.
1221 2314 1358 2365 Quum
1381 2314 1562 2354 Athenis
1584 2330 1669 2355 om-

155 2385 228 2410 nes
263 2371 390 2410 civilis
426 2371 801 2411 administrationis
837 2375 979 2424 partes
1012 2371 1101 2424 lege
1136 2374 1180 2410 et
1211 2371 1305 2423 jure
1340 2370 1668 2420 continerentur,

155 2426 393 2480 psephisma
414 2427 570 2466 nullum
591 2441 725 2479 neque
746 2432 916 2466 senatus
943 2440 1077 2479 neque
1098 2426 1238 2479 populi
1260 2426 1371 2479 leges
1394 2427 1503 2466 latas
1524 2431 1670 2467 aueto-

156 2482 283 2522 ritate
314 2497 510 2536 superare
540 2487 719 2535 poterat.
784 2483 901 2522 Inter
932 2482 1043 2535 leges
1076 2482 1185 2522 enim
1217 2486 1260 2521 et
1293 2482 1594 2535 psephismata,
1622 2488 1670 2523 ut

156 2538 349 2593 Sigonius
385 2539 436 2578 de
466 2553 552 2591 rep.
576 2538 894 2578 Atheniensium
924 2552 956 2586 1,
979 2550 1016 2591 5.
1041 2538 1158 2586 dicit,
1190 2538 1290 2577 illud
1323 2537 1527 2585 interfuit,
1557 2539 1668 2591 quod

155 2595 264 2649 leges
286 2594 327 2633 in
349 2595 584 2634 universum
605 2595 716 2634 latae
738 2599 835 2634 suut
857 2599 898 2634 et
920 2608 1125 2634 summam
1146 2593 1397 2646 reipublicae
1418 2593 1668 2647 attigerunt,

154 2650 215 2691 ita
247 2655 294 2690 ut
325 2665 400 2691 nec
434 2655 615 2695 senatus,
648 2664 721 2689 nec
755 2650 942 2703 popuIUS,
970 2664 1044 2689 nec
1072 2649 1248 2703 judices,
1273 2664 1348 2689 nec
1379 2649 1667 2703 magistratus,

155 2706 293 2758 necpsi
323 2721 405 2759 qua
439 2706 521 2746 alia
558 2706 597 2745 in
632 2705 800 2745 civitate
833 2705 1004 2745 consilia
1038 2705 1206 2753 fuerint,
1236 2705 1474 2758 quidquam,
1507 2705 1583 2745 nisi
1617 2720 1668 2745 ex

155 2762 413 2815 praescripto
444 2762 594 2815 legum,
622 2763 845 2801 decernere
880 2761 1118 2814 potuerint3
1158 2761 1444 2814 psephismata
1470 2774 1565 2801 vero
1597 2762 1666 2801 uni

155 2818 398 2871 plerumque
427 2824 470 2858 et
497 2818 546 2857 (10
570 2817 823 2871 quotidianis
851 2831 989 2856 rerum
1018 2817 1176 2857 eventis
1205 2817 1362 2870 scripta
1389 2816 1486 2865 sint,
1513 2816 1574 2857 ita
1602 2822 1666 2857 ta-

156 2888 265 2921 men,
287 2879 334 2913 ut
356 2888 488 2926 neque
510 2874 606 2913 latis
627 2873 786 2926 legibus
808 2878 1090 2926 repugnarent
1111 2878 1153 2913 et
1174 2887 1225 2913 ex
1246 2878 1508 2926 receptarum
1529 2873 1668 2927 legum

156 2929 413 2982 praescripto
446 2930 499 2969 ad
535 2926 727 2969 senatum
760 2929 1040 2983 populumque
1069 2929 1289 2969 ferrentur.
1352 2928 1434 2968 Sed
1465 2929 1667 2982 paulatim
