1997 3256
523 162 844 202 ADVERSUS
880 162 1208 203 LEPTINEM.
1540 162 1617 202 641

170 281 266 320 455,
294 280 332 319 3.
367 268 646 307 συνυποδύεται
677 268 717 306 δὲ
750 268 810 306 καὶ
843 268 1116 315 κατασκευάζει
1148 268 1210 306 καὶ
1240 267 1310 315 τὴν
1335 267 1531 306 σύστασιν
1556 268 1623 304 τοῦ

114 325 256 362 οἰκείου
278 321 417 376 νόμου]
451 329 584 362 orator
604 323 746 362 occulte
766 337 804 361 se
826 322 1034 362 insinuans
1053 323 1144 374 jam
1165 336 1269 362 mem·
1294 322 1414 361 etiam
1429 320 1626 374 propriae

114 378 208 431 lepris
229 379 595 418 com712e22dc1t1'0nem
611 385 750 431 parat.
785 378 833 417 F.
858 380 913 417 A.
939 378 1129 418 WOLF.
1192 378 1368 417 Sensus:
1401 376 1513 416 Dum
1534 390 1624 416 ora-

112 439 182 473 tor
202 433 302 472 nihil
323 433 436 473 aliud
458 448 583 487 quam
608 434 794 487 Leptinis
819 434 952 485 legem
975 434 1138 473 videtur
1158 447 1366 479 accusare,
1389 432 1625 485 oppositam

112 489 167 528 illi
198 489 330 543 legem
361 494 472 529 tecte
503 490 780 530 commendat.
825 491 1013 530 σύστασις
1034 490 1073 528 h.
1098 490 1122 528 l.
1145 494 1188 528 et
1208 503 1243 527 v.
1267 501 1327 541 13.
1348 492 1413 527 est
1439 501 1625 527 commen-

112 545 249 585 datio:
283 545 354 584 sed
376 560 412 584 v.
433 559 444 584 1
462 559 494 585 1.
516 545 716 599 oppositio,
740 544 999 594 ἀντεξέτασις.
1043 543 1294 584 SCHAEF.

169 602 265 653 456,
287 614 327 654 3.
359 602 420 640 καὶ
445 603 676 655 τούτῳ-τῷ
705 600 831 654 λόγῳ]
867 600 974 640 Sunt
996 601 1123 640 verba
1155 599 1284 653 ipsius
1311 597 1507 638 oratoris.
1570 597 1625 637 V.

114 672 156 710 p.
179 669 275 709 457,
301 659 337 696 8.
381 657 631 697 SCHAEF.

169 714 268 765 456,
289 725 350 752 10.
375 714 484 753 ἐστὶν
507 713 587 766 ἐπὶ]
627 714 676 752 F.
701 713 784 752 ἐστὶ
805 712 904 762 περὶ.
948 709 1200 751 SCHAEF.

170 894 267 935 457,
291 882 508 934 1.”Ανδρες
539 881 740 935 δικασταί]
789 881 905 932 Quae
945 880 1123 934 primam
1164 880 1272 919 hanc
1312 879 1529 933 periodum
1568 892 1629 917 se-

114 943 311 991 quuntur,
349 953 398 978 ea
434 937 578 978 statim
618 937 679 977 ita
714 937 755 976 in
792 951 981 977 caussam
1025 936 1274 989 irrumpunt,
1312 940 1361 975 ut
1396 934 1527 982 nobis,
1561 934 1630 988 qui

113 994 277 1034 adsueti
312 1008 452 1033 sumus
488 993 726 1047 prooemiis,
759 1007 890 1046 paene
925 992 1064 1046 capite
1099 996 1299 1032 truncata
1335 991 1470 1031 oratio
1501 990 1630 1030 videri

113 1049 258 1103 possit.
322 1050 466 1103 Neque
500 1057 642 1090 tamen
673 1049 806 1103 magis
841 1048 1099 1103 prooemium
1134 1062 1210 1101 pro
1244 1047 1478 1087 necessaria
1509 1050 1631 1099 parte

113 1106 351 1145 habendum
383 1121 508 1159 quam
538 1105 764 1160 peroratio,
796 1105 1045 1158 praesertim
1081 1104 1135 1144 ad
1168 1103 1382 1144 auditores
1414 1102 1517 1143 satis
1543 1103 1631 1156 jam

112 1162 286 1202 alterius
317 1162 507 1202 oratione
539 1162 593 1202 ad
624 1166 929 1215 argumentum,
953 1161 1063 1214 quod
1086 1159 1177 1214 quis
1205 1164 1379 1207 tractat,
1406 1172 1630 1212 praepara-

113 1223 194 1258 tos.
240 1217 339 1257 Vid.
365 1218 545 1258 Aristot.
570 1218 696 1257 Rhet.
719 1230 758 1271 3,
780 1230 841 1271 13.
864 1222 906 1258 et
930 1216 1125 1268 Quinctil.
1147 1231 1185 1267 4,
1209 1228 1244 1263 2,
1269 1227 1335 1267 72.
1397 1215 1557 1254 Verum
1579 1214 1631 1254 de

112 1274 287 1314 exordio
309 1279 454 1314 nostro
476 1274 599 1314 aliter
619 1274 815 1327 antiquos
844 1274 1034 1313 rhetores
1061 1272 1282 1325 judicasse,
1306 1272 1428 1311 docet
1451 1270 1631 1310 Photius

116 1330 315 1370 Bibliotll.
339 1330 439 1371 Cod.
468 1333 560 1384 265.
583 1345 622 1384 p.
647 1342 766 1382 1470.
790 1331 897 1369 Φασὶ
922 1331 961 1369 δὲ
984 1329 1053 1368 τὸν
1076 1328 1335 1378 Δημοσθένην
1360 1327 1538 1377 τέσσαρα
1569 1327 1631 1366 καὶ

115 1388 238 1426 εἴκοσι
259 1388 454 1438 γεγονότα
477 1387 540 1436 ἕτη
557 1388 627 1426 τὸν
648 1387 749 1437 περὶ
773 1389 855 1425 τῶν
878 1387 1117 1430 ἀτελειῶν,
1140 1384 1224 1434 ἤτοι
1246 1384 1315 1422 τὸν
1336 1383 1448 1433 πρὸς
1469 1384 1632 1422 Λεπτί-

116 1459 211 1491 νην,
230 1445 578 1493 φιλοπονήσασθαι
599 1443 736 1493 λόγον·
769 1442 812 1481 οὗ
835 1442 877 1480 τὸ
900 1442 1104 1492 προοίμιον
1122 1443 1318 1491 Λογγῖνος
1338 1441 1410 1488 μὲν
1427 1440 1447 1477 ὁ
1471 1438 1634 1489 κριτικὸς

115 1498 374 1549 ἀγωνιστικὸν
396 1500 550 1548 νομίζει,
573 1499 695 1549 ἕτεροι
721 1499 762 1537 δὲ
791 1498 858 1537 οὐκ
884 1499 1006 1548 ὀρθῶς
1029 1497 1186 1548 ἔφασαν
1208 1496 1250 1534 τὸ
1273 1496 1474 1546 προοίμιον
1495 1494 1630 1544 ἠθικὸν

115 1554 226 1594 εἶναι.
290 1555 365 1594 Καὶ
395 1558 562 1596 πολλοῖς
592 1555 702 1595 οὗτος
723 1555 743 1593 ὁ
765 1554 886 1605 λόγος
917 1554 1120 1604 παρέσχεν
1142 1553 1288 1603 ἀγῶνα,
1313 1553 1512 1602 κρίνεσθαι
1540 1566 1632 1601 προ-

114 1611 250 1656 τεθεὶς,
278 1611 410 1660 ὥσπερ
446 1612 507 1650 καὶ
527 1609 733 1663 Ἀσπασίῳ
764 1611 815 1663 τῷ
846 1609 989 1660 ῥήτορι,
1020 1609 1088 1648 ἅτε
1123 1606 1207 1658 μηδ’
1237 1606 1435 1660 ἐφιγμένῳ
1468 1609 1533 1656 τῆς
1567 1609 1635 1645 τοῦ

114 1668 237 1717 λόγου
266 1669 426 1717 θεωρίας
458 1668 511 1708 εἰς
542 1667 759 1717 ἀκρίβειαν.
821 1665 917 1704 Hoc
951 1678 1049 1718 ergo
1082 1678 1210 1703 unum
1244 1663 1341 1703 olim
1370 1662 1630 1709 dubitarunt,

114 1736 241 1774 quam
267 1721 430 1761 dicendi
459 1724 637 1762 formam
664 1721 969 1761 Demosthenes
991 1721 1030 1760 h.
1053 1720 1078 1759 l.
1101 1719 1355 1760 adhibuerit.
1418 1718 1632 1772 Longinus

114 1782 270 1825 autem,
303 1778 420 1831 cujus
455 1778 522 1818 illa
562 1777 772 1819 sententia
806 1792 827 1817 e
861 1777 980 1827 libro,
1015 1791 1137 1830 quem
1174 1776 1261 1817 τοὺς
1297 1776 1539 1826 φιλολόγους
1575 1774 1635 1812 111-

114 1834 293 1887 scripsit,
325 1834 460 1887 petita
492 1834 656 1875 videtur
688 1834 938 1873 Ruhnkenio
967 1834 1018 1873 de
1039 1832 1143 1872 Vita
1167 1830 1346 1885 Longini
1371 1832 1508 1884 §.10.,
1539 1843 1633 1882 pro-

114 1890 293 1930 oemium
313 1890 442 1930 videri
465 1892 589 1931 debet
615 1890 826 1930 inclusisse
853 1889 998 1943 primis
1020 1892 1202 1942 quatuor
1226 1890 1290 1940 ξς.
1317 1885 1501 1938 (Ἄνδρες
1531 1889 1634 1925 δικα-

115 1948 394 1999 araz—usque
415 1947 469 1986 ad
491 1949 788 1998 τιμωρησόμεθα
808 1961 848 1999 p.
870 1946 965 1998 458,
986 1946 1084 1996 16.),
1107 1958 1237 1997 eaque
1265 1941 1487 1996 praecipue
1519 1956 1633 1994 spec-

114 2007 242 2050 tasse,
274 2017 380 2057 quae
420 2003 556 2042 acrius
593 2008 740 2042 contra
775 2000 966 2054 Leptinis
1003 2001 1045 2040 in
1082 1999 1254 2039 ferenda
1293 1999 1382 2052 lege
1418 1997 1634 2037 consilium

114 2059 325 2098 dicuntur.
387 2059 455 2099 De
478 2059 621 2099 Photii
649 2059 738 2098 loco
761 2059 867 2098 conf.
892 2057 1025 2111 Toup.
1050 2056 1104 2096 ad
1128 2055 1305 2109 Longin.
1328 2069 1361 2094 c.
1383 2066 1451 2107 39.
1504 2055 1554 2093 F.
1579 2055 1632 2093 A.

117 2115 175 2154 W
181 2115 309 2155 OLF.

170 2171 344 2221 μάλιστα
368 2171 698 2223 μὲν-συνερεῖν]
738 2170 852 2211 Citat
874 2168 1117 2209 Demetrius
1140 2167 1369 2207 Phalereus
1393 2167 1431 2219 ξ.
1452 2179 1516 2207 10.
1540 2165 1630 2206 coll.

118 2228 157 2281 ξ.
180 2241 239 2266 11.
288 2227 539 2267 SGHAEF.

177 2284 352 2333 μάλιστα
386 2285 458 2333 μὲν
490 2285 620 2323 εἵνεκα
657 2301 688 2322 κ.
717 2300 750 2322 τ.
780 2283 838 2335 A]
893 2280 1111 2321 Brevitate
1152 2278 1427 2320 Demostheni
1468 2282 1637 2333 praeter

117 2344 280 2380 ceteros
315 2339 485 2393 propria
520 2344 714 2379 arctatur
748 2338 983 2379 sententia:
1018 2338 1139 2377 Duae
1170 2343 1260 2376 sunt
1291 2349 1463 2383 caussae,
1497 2333 1638 2387 quibus

117 2402 324 2435 commotus
343 2396 401 2435 ced
419 2396 629 2435 dicendum
655 2396 828 2442 sm‘reoei,
850 2394 981 2435 altera
1002 2400 1037 2433 et
1059 2408 1103 2434 ecc
1127 2393 1370 2447 praecipua,
1393 2391 1498 2445 quod
1525 2389 1637 2430 abro-

113 2452 311 2506 9atz‘onem
343 2451 437 2506 {egris
462 2452 676 2505 Leptineae
700 2452 788 2503 (τὸν
810 2453 943 2502 νόμον,
970 2450 1101 2504 legem
1134 2449 1185 2488 (le
1214 2463 1296 2502 qua
1328 2461 1436 2487 nunc
1472 2446 1634 2500 agitur)

117 2523 136 2548 e
166 2523 249 2560 rep.
277 2522 354 2547 esse
384 2507 585 2554 arbitror,-
615 2508 757 2555 altera,
790 2509 895 2560 quod
928 2506 1105 2559 Ctesippz'
1139 2505 1265 2558 hujus,
1305 2503 1375 2558 qui
1409 2504 1452 2542 in
1478 2502 1638 2555 judicio

117 2564 405 2613 aclest,.ca2cssa
427 2565 554 2618 cupio.
605 2566 753 2605 τούτοις
780 2563 1039 2617 jungendum
1071 2576 1164 2600 cum
1184 2564 1376 2611 συνερεῖν,
1399 2559 1440 2598 h.
1465 2572 1499 2598 e.
1523 2574 1636 2607 συνη-

118 2625 263 2672 γορεῖν,
288 2625 336 2660 ut
359 2621 595 2671 ὡμολόγησα
622 2619 812 2659 absolute
844 2618 1085 2671 accipiatur,
1109 2617 1220 2670 quod
1242 2629 1365 2669 saepe
1385 2614 1458 2654 fit:
1494 2614 1634 2667 recepi,

115 2691 174 2716 me
195 2690 373 2716 caussam
394 2676 533 2716 horum
553 2676 820 2729 defensuram.
882 2674 1056 2727 Spectat
1077 2678 1221 2713 autem
1238 2673 1382 2712 τούτοις
1400 2669 1635 2724 Aphepsio-

117 2747 211 2772 nem
233 2738 275 2773 et
298 2733 556 2786 Ctesippum,
577 2733 756 2772 fortasse
778 2731 905 2771 etiam
932 2729 1237 2783 subscriptores
1260 2727 1475 2781 quosdam.
1529 2726 1634 2765 Mox

117 2790 180 2835 ὡς,
212 2789 407 2828 omissum
433 2789 555 2843 vulgo
591 2803 616 2829 a
652 2787 870 2833 nonnullis,
901 2786 1103 2840 Taylorus
1139 2784 1339 2830 restituit,
1372 2782 1635 2836 probandum

118 2859 202 2884 non
221 2846 275 2885 ob
299 2860 546 2885 consensum
566 2849 735 2885 tantum
756 2843 957 2892 codicum,
981 2842 1053 2882 sed
1083 2845 1257 2895 propter
1287 2840 1419 2894 ipsam
1441 2838 1523 2878 vim
1545 2852 1635 2877 sen-

119 2901 279 2942 tentiae
315 2906 358 2941 et
392 2916 525 2941 usum.
585 2901 657 2942 Ita
690 2900 835 2954 Lysias
864 2900 936 2939 Or.
959 2910 998 2952 5.
1025 2913 1063 2951 p.
1090 2898 1179 2937 186.
1212 2900 1335 2936 Δοκεῖ
1365 2912 1431 2945 μοι
1467 2893 1634 2945 αἰσχρὸν

122 2956 330 3009 εἶναι-μὴ
351 2961 547 3009 βοηθῆσαι
569 2958 727 3010 Καλλίᾳ
748 2959 793 2996 τὰ
815 2957 954 3002 δίκαια,
979 2956 1081 2996 ὅπως
1102 2953 1149 2993 ἂν
1172 2954 1350 3002 δύνωμαι.
1401 2951 1542 2991 Isaeus
1560 2949 1631 2990 Or.

856 3027 877 3050 E
