<?xml version="1.0" encoding="UTF-8"?>
<!DOCTYPE html PUBLIC "-//W3C//DTD XHTML 1.0 Transitional//EN"
    "http://www.w3.org/TR/xhtml1/DTD/xhtml1-transitional.dtd">
<html xmlns="http://www.w3.org/1999/xhtml" xml:lang="en" lang="en">
 <head>
  <title>
</title>
<meta http-equiv="Content-Type" content="text/html;charset=utf-8" />
  <meta name='ocr-system' content='tesseract 3.04.00' />
  <meta name='ocr-capabilities' content='ocr_page ocr_carea ocr_par ocr_line ocrx_word'/>
</head>
<body>
  <div class='ocr_page' id='page_1' title='image "./operaexrecension06demouoft/operaexrecension06demouoft_0018.png"; bbox 0 0 1997 3256; ppageno 0'>
   <div class='ocr_carea' id='block_1_1' title="bbox 313 133 1528 180">
    <p class='ocr_par' dir='ltr' id='par_1_1' title="bbox 313 133 1528 180">
     <span class='ocr_line' id='line_1_1' title="bbox 313 133 1528 180; baseline -0.006 0"><span class='ocrx_word' id='word_1_1' title='bbox 313 139 397 180; x_wconf 70' lang='lat'>604</span> <span class='ocrx_word' id='word_1_2' title='bbox 614 137 702 176; x_wconf 78' lang='lat' dir='ltr'>FR.</span> <span class='ocrx_word' id='word_1_3' title='bbox 726 137 778 175; x_wconf 80' lang='lat' dir='ltr'>A.</span> <span class='ocrx_word' id='word_1_4' title='bbox 805 134 1034 175; x_wconf 79' lang='lat' dir='ltr'>WOLFII</span> <span class='ocrx_word' id='word_1_5' title='bbox 1071 133 1528 174; x_wconf 77' lang='lat' dir='ltr'>PROLEGOMENA</span> 
     </span>
    </p>
   </div>
   <div class='ocr_carea' id='block_1_2' title="bbox 241 237 1827 1072">
    <p class='ocr_par' dir='ltr' id='par_1_2' title="bbox 314 237 1824 296">
     <span class='ocr_line' id='line_1_2' title="bbox 314 237 1824 296; baseline -0.003 -14"><span class='ocrx_word' id='word_1_6' title='bbox 314 243 462 296; x_wconf 80' lang='lat' dir='ltr'>Pydna</span> <span class='ocrx_word' id='word_1_7' title='bbox 492 239 681 280; x_wconf 80' lang='lat' dir='ltr'>videlieet</span> <span class='ocrx_word' id='word_1_8' title='bbox 714 244 756 278; x_wconf 90' lang='lat' dir='ltr'>et</span> <span class='ocrx_word' id='word_1_9' title='bbox 781 237 988 278; x_wconf 78' lang='lat' dir='ltr'>Potidaea</span> <span class='ocrx_word' id='word_1_10' title='bbox 1012 251 1038 277; x_wconf 83' lang='grc'>3</span> <span class='ocrx_word' id='word_1_11' title='bbox 1069 237 1263 290; x_wconf 91' lang='lat' dir='ltr'>Philippo</span> <span class='ocrx_word' id='word_1_12' title='bbox 1295 242 1524 290; x_wconf 78' lang='lat' dir='ltr'>occupatae</span> <span class='ocrx_word' id='word_1_13' title='bbox 1555 243 1596 278; x_wconf 88' lang='lat' dir='ltr'>et</span> <span class='ocrx_word' id='word_1_14' title='bbox 1628 237 1824 278; x_wconf 88' lang='lat' dir='ltr'>interitus</span> 
     </span>
    </p>

    <p class='ocr_par' dir='ltr' id='par_1_3' title="bbox 244 292 1827 624">
     <span class='ocr_line' id='line_1_3' title="bbox 244 292 1826 348; baseline -0.004 -9"><span class='ocrx_word' id='word_1_15' title='bbox 244 298 295 338; x_wconf 85' lang='lat'>61</span> <span class='ocrx_word' id='word_1_16' title='bbox 313 297 529 343; x_wconf 64' lang='lat' dir='ltr'>Chabriae.</span> <span class='ocrx_word' id='word_1_17' title='bbox 563 295 633 348; x_wconf 89' lang='lat' dir='ltr'>qui</span> <span class='ocrx_word' id='word_1_18' title='bbox 664 295 706 333; x_wconf 91' lang='lat' dir='ltr'>in</span> <span class='ocrx_word' id='word_1_19' title='bbox 741 293 922 347; x_wconf 86' lang='lat' dir='ltr'>primum</span> <span class='ocrx_word' id='word_1_20' title='bbox 953 307 1109 332; x_wconf 89' lang='lat' dir='ltr'>annum</span> <span class='ocrx_word' id='word_1_21' title='bbox 1140 292 1236 332; x_wconf 90' lang='lat' dir='ltr'>belli</span> <span class='ocrx_word' id='word_1_22' title='bbox 1270 292 1433 332; x_wconf 81' lang='lat' dir='ltr'>socialis</span> <span class='ocrx_word' id='word_1_23' title='bbox 1468 292 1655 334; x_wconf 79' lang='lat' dir='ltr'>inciditk.</span> <span class='ocrx_word' id='word_1_24' title='bbox 1718 294 1826 333; x_wconf 89' lang='lat' dir='ltr'>Tum</span> 
     </span>
     <span class='ocr_line' id='line_1_4' title="bbox 311 347 1824 405; baseline -0.003 -12"><span class='ocrx_word' id='word_1_25' title='bbox 311 354 393 394; x_wconf 86' lang='grc'>3113</span> <span class='ocrx_word' id='word_1_26' title='bbox 423 351 637 405; x_wconf 80' lang='lat' dir='ltr'>proximae</span> <span class='ocrx_word' id='word_1_27' title='bbox 670 349 927 403; x_wconf 79' lang='lat' dir='ltr'>Olympiadis</span> <span class='ocrx_word' id='word_1_28' title='bbox 958 352 1219 395; x_wconf 72' lang='lat' dir='ltr'>succurrunt,</span> <span class='ocrx_word' id='word_1_29' title='bbox 1250 347 1473 401; x_wconf 67' lang='lat' dir='ltr'>Dionysius</span> <span class='ocrx_word' id='word_1_30' title='bbox 1504 349 1610 388; x_wconf 89' lang='lat' dir='ltr'>filius</span> <span class='ocrx_word' id='word_1_31' title='bbox 1642 363 1664 388; x_wconf 90' lang='lat' dir='ltr'>e</span> <span class='ocrx_word' id='word_1_32' title='bbox 1695 364 1824 402; x_wconf 83' lang='lat' dir='ltr'>regno</span> 
     </span>
     <span class='ocr_line' id='line_1_5' title="bbox 311 403 1825 462; baseline -0.003 -14"><span class='ocrx_word' id='word_1_33' title='bbox 311 409 507 462; x_wconf 78' lang='lat' dir='ltr'>expulsus</span> <span class='ocrx_word' id='word_1_34' title='bbox 535 421 561 447; x_wconf 82' lang='lat' dir='ltr'>a</span> <span class='ocrx_word' id='word_1_35' title='bbox 582 406 717 446; x_wconf 91' lang='lat' dir='ltr'>Dione</span> <span class='ocrx_word' id='word_1_36' title='bbox 746 410 787 445; x_wconf 90' lang='lat' dir='ltr'>et</span> <span class='ocrx_word' id='word_1_37' title='bbox 814 405 953 445; x_wconf 79' lang='lat' dir='ltr'>Leueo</span> <span class='ocrx_word' id='word_1_38' title='bbox 981 408 1184 457; x_wconf 64' lang='lat' dir='ltr'>tyrannus</span> <span class='ocrx_word' id='word_1_39' title='bbox 1211 403 1388 456; x_wconf 78' lang='lat' dir='ltr'>Bospori</span> <span class='ocrx_word' id='word_1_40' title='bbox 1416 409 1464 443; x_wconf 89' lang='lat' dir='ltr'>ut</span> <span class='ocrx_word' id='word_1_41' title='bbox 1492 419 1619 457; x_wconf 87' lang='lat' dir='ltr'>quum</span> <span class='ocrx_word' id='word_1_42' title='bbox 1646 405 1825 444; x_wconf 80' lang='lat' dir='ltr'>maxime</span> 
     </span>
     <span class='ocr_line' id='line_1_6' title="bbox 310 458 1824 518; baseline -0.003 -14"><span class='ocrx_word' id='word_1_43' title='bbox 310 465 459 518; x_wconf 87' lang='lat' dir='ltr'>opibus</span> <span class='ocrx_word' id='word_1_44' title='bbox 490 463 641 503; x_wconf 84' lang='lat' dir='ltr'>florens</span> <span class='ocrx_word' id='word_1_45' title='bbox 672 465 800 515; x_wconf 86' lang='lat' dir='ltr'>atque</span> <span class='ocrx_word' id='word_1_46' title='bbox 832 458 1035 514; x_wconf 78' lang='lat' dir='ltr'>imperiol.</span> <span class='ocrx_word' id='word_1_47' title='bbox 1098 459 1233 512; x_wconf 80' lang='lat' dir='ltr'>Atqui</span> <span class='ocrx_word' id='word_1_48' title='bbox 1263 459 1372 498; x_wconf 83' lang='lat' dir='ltr'>huno</span> <span class='ocrx_word' id='word_1_49' title='bbox 1402 459 1630 513; x_wconf 83' lang='lat' dir='ltr'>prinoipem</span> <span class='ocrx_word' id='word_1_50' title='bbox 1662 460 1824 514; x_wconf 64' lang='lat' dir='ltr'>Olymp.</span> 
     </span>
     <span class='ocr_line' id='line_1_7' title="bbox 314 515 1824 572; baseline -0.003 -12"><span class='ocrx_word' id='word_1_51' title='bbox 314 522 406 569; x_wconf 77' lang='lat'>106,</span> <span class='ocrx_word' id='word_1_52' title='bbox 428 533 468 572; x_wconf 82' lang='lat'>3.</span> <span class='ocrx_word' id='word_1_53' title='bbox 490 524 668 559; x_wconf 89' lang='lat' dir='ltr'>mortem</span> <span class='ocrx_word' id='word_1_54' title='bbox 696 517 850 558; x_wconf 85' lang='lat' dir='ltr'>obiisse</span> <span class='ocrx_word' id='word_1_55' title='bbox 877 516 991 570; x_wconf 80' lang='lat' dir='ltr'>apud</span> <span class='ocrx_word' id='word_1_56' title='bbox 1012 515 1245 555; x_wconf 90' lang='lat' dir='ltr'>Diodorum</span> <span class='ocrx_word' id='word_1_57' title='bbox 1272 515 1487 568; x_wconf 83' lang='lat' dir='ltr'>perspicue</span> <span class='ocrx_word' id='word_1_58' title='bbox 1515 515 1721 555; x_wconf 84' lang='lat' dir='ltr'>traditum</span> <span class='ocrx_word' id='word_1_59' title='bbox 1750 522 1824 556; x_wconf 89' lang='lat' dir='ltr'>est.</span> 
     </span>
     <span class='ocr_line' id='line_1_8' title="bbox 310 570 1827 624; baseline -0.003 -8"><span class='ocrx_word' id='word_1_60' title='bbox 310 576 339 616; x_wconf 85' lang='lat' dir='ltr'><strong>J</strong></span> <span class='ocrx_word' id='word_1_61' title='bbox 343 591 411 616; x_wconf 83' lang='lat' dir='ltr'>am</span> <span class='ocrx_word' id='word_1_62' title='bbox 432 576 474 614; x_wconf 93' lang='lat' dir='ltr'>in</span> <span class='ocrx_word' id='word_1_63' title='bbox 496 575 704 615; x_wconf 82' lang='lat' dir='ltr'>cumulum</span> <span class='ocrx_word' id='word_1_64' title='bbox 730 573 890 614; x_wconf 79' lang='lat' dir='ltr'>aceedit</span> <span class='ocrx_word' id='word_1_65' title='bbox 918 573 1031 612; x_wconf 77' lang='lat' dir='ltr'>locus</span> <span class='ocrx_word' id='word_1_66' title='bbox 1055 571 1243 624; x_wconf 69' lang='lat' dir='ltr'>Dionysii</span> <span class='ocrx_word' id='word_1_67' title='bbox 1267 570 1620 611; x_wconf 78' lang='lat' dir='ltr'>Halicarnasseim</span> <span class='ocrx_word' id='word_1_68' title='bbox 1642 572 1748 611; x_wconf 83' lang='lat' dir='ltr'>hane</span> <span class='ocrx_word' id='word_1_69' title='bbox 1776 572 1827 611; x_wconf 86' lang='lat' dir='ltr'>de</span> 
     </span>
    </p>

    <p class='ocr_par' dir='ltr' id='par_1_4' title="bbox 242 627 1827 739">
     <span class='ocr_line' id='line_1_9' title="bbox 242 627 1827 674; baseline -0.005 0"><span class='ocrx_word' id='word_1_70' title='bbox 242 632 296 674; x_wconf 69' lang='lat'>652</span> <span class='ocrx_word' id='word_1_71' title='bbox 310 631 644 672; x_wconf 89' lang='lat' dir='ltr'>immunitatibus</span> <span class='ocrx_word' id='word_1_72' title='bbox 672 629 904 670; x_wconf 89' lang='lat' dir='ltr'>orationem</span> <span class='ocrx_word' id='word_1_73' title='bbox 925 627 1124 668; x_wconf 81' lang='lat' dir='ltr'>testantis</span> <span class='ocrx_word' id='word_1_74' title='bbox 1149 627 1338 667; x_wconf 81' lang='lat' dir='ltr'>habitam</span> <span class='ocrx_word' id='word_1_75' title='bbox 1366 641 1455 667; x_wconf 86' lang='lat' dir='ltr'>esse</span> <span class='ocrx_word' id='word_1_76' title='bbox 1479 627 1720 668; x_wconf 79' lang='lat' dir='ltr'>Callistrato</span> <span class='ocrx_word' id='word_1_77' title='bbox 1743 630 1827 667; x_wconf 88' lang='lat' dir='ltr'>Ar-</span> 
     </span>
     <span class='ocr_line' id='line_1_10' title="bbox 310 683 1826 739; baseline -0.003 -11"><span class='ocrx_word' id='word_1_78' title='bbox 310 688 474 735; x_wconf 86' lang='grc'>01101110,</span> <span class='ocrx_word' id='word_1_79' title='bbox 506 687 544 726; x_wconf 89' lang='grc'>11.</span> <span class='ocrx_word' id='word_1_80' title='bbox 569 701 604 726; x_wconf 90' lang='lat' dir='ltr'>e.</span> <span class='ocrx_word' id='word_1_81' title='bbox 636 686 797 739; x_wconf 64' lang='lat' dir='ltr'>Olymp.</span> <span class='ocrx_word' id='word_1_82' title='bbox 828 687 917 733; x_wconf 52' lang='lat'>106.</span> <span class='ocrx_word' id='word_1_83' title='bbox 942 697 979 724; x_wconf 84' lang='lat'>2.</span> <span class='ocrx_word' id='word_1_84' title='bbox 1012 684 1065 723; x_wconf 88' lang='lat' dir='ltr'>ab</span> <span class='ocrx_word' id='word_1_85' title='bbox 1089 683 1144 722; x_wconf 88' lang='lat' dir='ltr'>U.</span> <span class='ocrx_word' id='word_1_86' title='bbox 1168 683 1212 723; x_wconf 80' lang='lat' dir='ltr'>C.</span> <span class='ocrx_word' id='word_1_87' title='bbox 1235 695 1330 736; x_wconf 82' lang='lat'>399.</span> <span class='ocrx_word' id='word_1_88' title='bbox 1361 697 1401 722; x_wconf 88' lang='lat' dir='ltr'>a.</span> <span class='ocrx_word' id='word_1_89' title='bbox 1427 683 1521 723; x_wconf 87' lang='lat' dir='ltr'>Chr.</span> <span class='ocrx_word' id='word_1_90' title='bbox 1545 697 1643 736; x_wconf 80' lang='lat'>355.</span> <span class='ocrx_word' id='word_1_91' title='bbox 1705 683 1826 723; x_wconf 88' lang='lat' dir='ltr'>Adeo</span> 
     </span>
    </p>

    <p class='ocr_par' dir='ltr' id='par_1_5' title="bbox 241 738 1824 853">
     <span class='ocr_line' id='line_1_11' title="bbox 241 738 1824 792; baseline -0.003 -8"><span class='ocrx_word' id='word_1_92' title='bbox 241 743 296 784; x_wconf 82' lang='lat'>63</span> <span class='ocrx_word' id='word_1_93' title='bbox 310 744 411 783; x_wconf 90' lang='lat' dir='ltr'>nihil</span> <span class='ocrx_word' id='word_1_94' title='bbox 443 742 718 783; x_wconf 86' lang='lat' dir='ltr'>dubitationis</span> <span class='ocrx_word' id='word_1_95' title='bbox 753 742 945 781; x_wconf 83' lang='lat' dir='ltr'>relietum</span> <span class='ocrx_word' id='word_1_96' title='bbox 975 740 1128 788; x_wconf 54' lang='lat' dir='ltr'>videasa</span> <span class='ocrx_word' id='word_1_97' title='bbox 1162 739 1260 792; x_wconf 85' lang='lat' dir='ltr'>quin</span> <span class='ocrx_word' id='word_1_98' title='bbox 1292 738 1468 778; x_wconf 80' lang='lat' dir='ltr'>aetionis</span> <span class='ocrx_word' id='word_1_99' title='bbox 1499 744 1665 792; x_wconf 88' lang='lat' dir='ltr'>tempus</span> <span class='ocrx_word' id='word_1_100' title='bbox 1695 744 1824 792; x_wconf 87' lang='lat' dir='ltr'>atque</span> 
     </span>
     <span class='ocr_line' id='line_1_12' title="bbox 309 799 1048 853; baseline -0.007 -14"><span class='ocrx_word' id='word_1_101' title='bbox 309 799 445 853; x_wconf 87' lang='lat' dir='ltr'>ipsum</span> <span class='ocrx_word' id='word_1_102' title='bbox 467 799 593 839; x_wconf 88' lang='lat' dir='ltr'>etiam</span> <span class='ocrx_word' id='word_1_103' title='bbox 614 811 770 838; x_wconf 84' lang='lat' dir='ltr'>anuum</span> <span class='ocrx_word' id='word_1_104' title='bbox 790 802 1048 837; x_wconf 67' lang='lat' dir='ltr'>teneamusss.</span> 
     </span>
    </p>

    <p class='ocr_par' dir='ltr' id='par_1_6' title="bbox 307 850 1826 1072">
     <span class='ocr_line' id='line_1_13' title="bbox 368 850 1824 908; baseline -0.003 -14"><span class='ocrx_word' id='word_1_105' title='bbox 368 856 510 908; x_wconf 81' lang='lat' dir='ltr'>Atque</span> <span class='ocrx_word' id='word_1_106' title='bbox 539 855 616 894; x_wconf 85' lang='lat' dir='ltr'>hae</span> <span class='ocrx_word' id='word_1_107' title='bbox 647 854 792 893; x_wconf 85' lang='lat' dir='ltr'>eadem</span> <span class='ocrx_word' id='word_1_108' title='bbox 823 867 949 906; x_wconf 82' lang='lat' dir='ltr'>opera</span> <span class='ocrx_word' id='word_1_109' title='bbox 980 853 1057 891; x_wconf 89' lang='grc'>1100</span> <span class='ocrx_word' id='word_1_110' title='bbox 1087 865 1250 904; x_wconf 80' lang='lat' dir='ltr'>quoque</span> <span class='ocrx_word' id='word_1_111' title='bbox 1281 850 1469 904; x_wconf 68' lang='lat' dir='ltr'>liqueret7</span> <span class='ocrx_word' id='word_1_112' title='bbox 1504 864 1585 902; x_wconf 80' lang='lat' dir='ltr'>quo</span> <span class='ocrx_word' id='word_1_113' title='bbox 1616 865 1726 890; x_wconf 86' lang='lat' dir='ltr'>anno</span> <span class='ocrx_word' id='word_1_114' title='bbox 1757 850 1824 890; x_wconf 78' lang='lat' dir='ltr'>lex</span> 
     </span>
     <span class='ocr_line' id='line_1_14' title="bbox 309 905 1825 963; baseline -0.003 -13"><span class='ocrx_word' id='word_1_115' title='bbox 309 916 419 951; x_wconf 87' lang='lat' dir='ltr'>esset</span> <span class='ocrx_word' id='word_1_116' title='bbox 440 926 465 950; x_wconf 83' lang='lat' dir='ltr'>a</span> <span class='ocrx_word' id='word_1_117' title='bbox 489 910 665 963; x_wconf 79' lang='lat' dir='ltr'>Leptine</span> <span class='ocrx_word' id='word_1_118' title='bbox 686 910 788 957; x_wconf 79' lang='lat' dir='ltr'>lata,</span> <span class='ocrx_word' id='word_1_119' title='bbox 811 909 857 953; x_wconf 72' lang='lat' dir='ltr'>si,</span> <span class='ocrx_word' id='word_1_120' title='bbox 881 922 1007 962; x_wconf 82' lang='lat' dir='ltr'>quam</span> <span class='ocrx_word' id='word_1_121' title='bbox 1031 907 1190 960; x_wconf 83' lang='lat' dir='ltr'>pridem</span> <span class='ocrx_word' id='word_1_122' title='bbox 1215 921 1263 946; x_wconf 86' lang='lat' dir='ltr'>ea</span> <span class='ocrx_word' id='word_1_123' title='bbox 1289 911 1379 946; x_wconf 89' lang='lat' dir='ltr'>tum</span> <span class='ocrx_word' id='word_1_124' title='bbox 1407 905 1674 954; x_wconf 79' lang='lat' dir='ltr'>obtinuisset,</span> <span class='ocrx_word' id='word_1_125' title='bbox 1699 920 1825 959; x_wconf 90' lang='lat' dir='ltr'>quum</span> 
     </span>
     <span class='ocr_line' id='line_1_15' title="bbox 307 962 1826 1019; baseline -0.005 -12"><span class='ocrx_word' id='word_1_126' title='bbox 307 967 387 1007; x_wconf 82' lang='grc'>1130</span> <span class='ocrx_word' id='word_1_127' title='bbox 409 966 600 1006; x_wconf 86' lang='lat' dir='ltr'>oratione</span> <span class='ocrx_word' id='word_1_128' title='bbox 621 966 949 1019; x_wconf 70' lang='lat' dir='ltr'>impugnaretur.</span> <span class='ocrx_word' id='word_1_129' title='bbox 972 979 997 1004; x_wconf 88' lang='lat' dir='ltr'>a</span> <span class='ocrx_word' id='word_1_130' title='bbox 1018 968 1163 1002; x_wconf 78' lang='lat' dir='ltr'>nostro</span> <span class='ocrx_word' id='word_1_131' title='bbox 1184 968 1257 1002; x_wconf 84' lang='lat' dir='ltr'>aut</span> <span class='ocrx_word' id='word_1_132' title='bbox 1280 962 1361 1001; x_wconf 89' lang='lat' dir='ltr'>alio</span> <span class='ocrx_word' id='word_1_133' title='bbox 1387 962 1591 1015; x_wconf 75' lang='lat' dir='ltr'>scriptore</span> <span class='ocrx_word' id='word_1_134' title='bbox 1611 962 1826 1015; x_wconf 89' lang='lat' dir='ltr'>proditum</span> 
     </span>
     <span class='ocr_line' id='line_1_16' title="bbox 309 1018 1825 1072; baseline -0.004 -10"><span class='ocrx_word' id='word_1_135' title='bbox 309 1026 509 1062; x_wconf 79' lang='lat' dir='ltr'>exstaret.</span> <span class='ocrx_word' id='word_1_136' title='bbox 571 1022 731 1061; x_wconf 70' lang='lat' dir='ltr'>Verum</span> <span class='ocrx_word' id='word_1_137' title='bbox 767 1021 879 1061; x_wconf 86' lang='lat' dir='ltr'>nulla</span> <span class='ocrx_word' id='word_1_138' title='bbox 919 1020 1038 1060; x_wconf 83' lang='lat' dir='ltr'>adest</span> <span class='ocrx_word' id='word_1_139' title='bbox 1074 1019 1171 1058; x_wconf 85' lang='lat' dir='ltr'>talis</span> <span class='ocrx_word' id='word_1_140' title='bbox 1207 1018 1469 1072; x_wconf 72' lang='lat' dir='ltr'>significatio,</span> <span class='ocrx_word' id='word_1_141' title='bbox 1506 1018 1547 1056; x_wconf 89' lang='lat' dir='ltr'>id</span> <span class='ocrx_word' id='word_1_142' title='bbox 1584 1018 1695 1071; x_wconf 86' lang='lat' dir='ltr'>quod</span> <span class='ocrx_word' id='word_1_143' title='bbox 1730 1032 1825 1057; x_wconf 91' lang='grc'>0011-</span> 
     </span>
    </p>
   </div>
   <div class='ocr_carea' id='block_1_3' title="bbox 303 1076 829 1131">
    <p class='ocr_par' dir='ltr' id='par_1_7' title="bbox 303 1076 829 1131">
     <span class='ocr_line' id='line_1_17' title="bbox 303 1076 829 1131; baseline -0.006 -13"><span class='ocrx_word' id='word_1_144' title='bbox 303 1078 494 1131; x_wconf 85' lang='lat' dir='ltr'>jeeturae</span> <span class='ocrx_word' id='word_1_145' title='bbox 518 1077 653 1116; x_wconf 80' lang='lat' dir='ltr'>locum</span> <span class='ocrx_word' id='word_1_146' title='bbox 680 1076 829 1130; x_wconf 85' lang='lat' dir='ltr'>aperit.</span> 
     </span>
    </p>
   </div>
   <div class='ocr_carea' id='block_1_4' title="bbox 891 1073 1826 1128">
    <p class='ocr_par' dir='ltr' id='par_1_8' title="bbox 891 1073 1826 1128">
     <span class='ocr_line' id='line_1_18' title="bbox 891 1073 1826 1128; baseline -0.003 -13"><span class='ocrx_word' id='word_1_147' title='bbox 891 1077 952 1115; x_wconf 86' lang='lat' dir='ltr'>At</span> <span class='ocrx_word' id='word_1_148' title='bbox 975 1074 1156 1114; x_wconf 80' lang='lat' dir='ltr'>Athenis</span> <span class='ocrx_word' id='word_1_149' title='bbox 1182 1074 1329 1127; x_wconf 80' lang='lat' dir='ltr'>cuique</span> <span class='ocrx_word' id='word_1_150' title='bbox 1355 1074 1464 1113; x_wconf 87' lang='lat' dir='ltr'>idem</span> <span class='ocrx_word' id='word_1_151' title='bbox 1485 1073 1553 1126; x_wconf 87' lang='lat' dir='ltr'>jus</span> <span class='ocrx_word' id='word_1_152' title='bbox 1575 1073 1668 1121; x_wconf 69' lang='lat' dir='ltr'>fuit,</span> <span class='ocrx_word' id='word_1_153' title='bbox 1691 1073 1826 1128; x_wconf 79' lang='lat' dir='ltr'>legem</span> 
     </span>
    </p>
   </div>
   <div class='ocr_carea' id='block_1_5' title="bbox 308 1129 1823 1187">
    <p class='ocr_par' dir='ltr' id='par_1_9' title="bbox 308 1129 1823 1187">
     <span class='ocr_line' id='line_1_19' title="bbox 308 1129 1823 1187; baseline -0.002 -14"><span class='ocrx_word' id='word_1_154' title='bbox 308 1134 513 1187; x_wconf 86' lang='lat' dir='ltr'>perlatam</span> <span class='ocrx_word' id='word_1_155' title='bbox 535 1138 576 1172; x_wconf 90' lang='lat' dir='ltr'>et</span> <span class='ocrx_word' id='word_1_156' title='bbox 600 1133 841 1172; x_wconf 81' lang='lat' dir='ltr'>brevissimo</span> <span class='ocrx_word' id='word_1_157' title='bbox 862 1131 1079 1172; x_wconf 84' lang='lat' dir='ltr'>intervallo</span> <span class='ocrx_word' id='word_1_158' title='bbox 1101 1136 1143 1169; x_wconf 90' lang='lat' dir='ltr'>et</span> <span class='ocrx_word' id='word_1_159' title='bbox 1169 1130 1310 1169; x_wconf 77' lang='lat' dir='ltr'>decem</span> <span class='ocrx_word' id='word_1_160' title='bbox 1332 1130 1393 1168; x_wconf 77' lang='lat' dir='ltr'>vel</span> <span class='ocrx_word' id='word_1_161' title='bbox 1415 1129 1559 1182; x_wconf 74' lang='lat' dir='ltr'>viginti</span> <span class='ocrx_word' id='word_1_162' title='bbox 1586 1129 1705 1169; x_wconf 86' lang='lat' dir='ltr'>annis</span> <span class='ocrx_word' id='word_1_163' title='bbox 1727 1135 1823 1182; x_wconf 84' lang='lat' dir='ltr'>post</span> 
     </span>
    </p>
   </div>
   <div class='ocr_carea' id='block_1_6' title="bbox 306 1188 1019 1241">
    <p class='ocr_par' dir='ltr' id='par_1_10' title="bbox 306 1188 1019 1241">
     <span class='ocr_line' id='line_1_20' title="bbox 306 1188 1019 1241; baseline -0.006 -11"><span class='ocrx_word' id='word_1_164' title='bbox 306 1190 361 1230; x_wconf 83' lang='lat' dir='ltr'>ad</span> <span class='ocrx_word' id='word_1_165' title='bbox 392 1203 544 1229; x_wconf 78' lang='lat' dir='ltr'>novum</span> <span class='ocrx_word' id='word_1_166' title='bbox 571 1189 772 1241; x_wconf 75' lang='lat' dir='ltr'>judicium</span> <span class='ocrx_word' id='word_1_167' title='bbox 805 1188 1019 1227; x_wconf 76' lang='lat' dir='ltr'>devocare.</span> 
     </span>
    </p>
   </div>
   <div class='ocr_carea' id='block_1_7' title="bbox 306 1242 1122 1298">
    <p class='ocr_par' dir='ltr' id='par_1_11' title="bbox 306 1242 1122 1298">
     <span class='ocr_line' id='line_1_21' title="bbox 306 1242 1122 1298; baseline -0.006 -12"><span class='ocrx_word' id='word_1_168' title='bbox 306 1246 456 1294; x_wconf 69' lang='lat' dir='ltr'>faeere,</span> <span class='ocrx_word' id='word_1_169' title='bbox 487 1259 732 1298; x_wconf 81' lang='lat' dir='ltr'>quoeunque</span> <span class='ocrx_word' id='word_1_170' title='bbox 767 1252 954 1297; x_wconf 87' lang='lat' dir='ltr'>tempore</span> <span class='ocrx_word' id='word_1_171' title='bbox 990 1242 1122 1282; x_wconf 80' lang='lat' dir='ltr'>vellet.</span> 
     </span>
    </p>
   </div>
   <div class='ocr_carea' id='block_1_8' title="bbox 307 1403 1034 2962">
    <p class='ocr_par' dir='ltr' id='par_1_12' title="bbox 309 1403 1031 1479">
     <span class='ocr_line' id='line_1_22' title="bbox 350 1403 1031 1444; baseline -0.006 -9"><span class='ocrx_word' id='word_1_172' title='bbox 350 1405 369 1428; x_wconf 86' lang='lat' dir='ltr'><strong>k</strong></span> <span class='ocrx_word' id='word_1_173' title='bbox 385 1406 459 1435; x_wconf 87' lang='lat' dir='ltr'>Vid.</span> <span class='ocrx_word' id='word_1_174' title='bbox 482 1416 511 1444; x_wconf 90' lang='lat' dir='ltr'>p.</span> <span class='ocrx_word' id='word_1_175' title='bbox 529 1412 602 1443; x_wconf 77' lang='lat'>475,</span> <span class='ocrx_word' id='word_1_176' title='bbox 623 1412 668 1443; x_wconf 80' lang='lat'>15.</span> <span class='ocrx_word' id='word_1_177' title='bbox 687 1410 718 1434; x_wconf 89' lang='lat' dir='ltr'>et</span> <span class='ocrx_word' id='word_1_178' title='bbox 736 1414 766 1443; x_wconf 92' lang='lat' dir='ltr'>p.</span> <span class='ocrx_word' id='word_1_179' title='bbox 784 1405 856 1442; x_wconf 80' lang='lat'>481,</span> <span class='ocrx_word' id='word_1_180' title='bbox 877 1412 921 1441; x_wconf 77' lang='lat'>¹3·</span> <span class='ocrx_word' id='word_1_181' title='bbox 940 1409 970 1432; x_wconf 90' lang='lat' dir='ltr'>et</span> <span class='ocrx_word' id='word_1_182' title='bbox 989 1403 1031 1432; x_wconf 87' lang='lat' dir='ltr'>ibi</span> 
     </span>
     <span class='ocr_line' id='line_1_23' title="bbox 309 1449 487 1479; baseline -0.017 0"><span class='ocrx_word' id='word_1_183' title='bbox 309 1449 487 1479; x_wconf 76' lang='lat' dir='ltr'>comment.</span> 
     </span>
    </p>

    <p class='ocr_par' dir='ltr' id='par_1_13' title="bbox 307 1486 1034 1868">
     <span class='ocr_line' id='line_1_24' title="bbox 351 1486 1030 1528; baseline -0.006 -8"><span class='ocrx_word' id='word_1_184' title='bbox 351 1490 450 1520; x_wconf 77' lang='lat' dir='ltr'>lvid.</span> <span class='ocrx_word' id='word_1_185' title='bbox 475 1501 505 1528; x_wconf 91' lang='lat' dir='ltr'>p.</span> <span class='ocrx_word' id='word_1_186' title='bbox 523 1488 596 1528; x_wconf 85' lang='lat'>506,</span> <span class='ocrx_word' id='word_1_187' title='bbox 615 1498 665 1518; x_wconf 80' lang='lat'>22.</span> <span class='ocrx_word' id='word_1_188' title='bbox 689 1495 719 1518; x_wconf 85' lang='lat' dir='ltr'>et</span> <span class='ocrx_word' id='word_1_189' title='bbox 746 1499 776 1527; x_wconf 88' lang='lat' dir='ltr'>p.</span> <span class='ocrx_word' id='word_1_190' title='bbox 794 1486 866 1524; x_wconf 76' lang='lat'><strong>466,</strong></span> <span class='ocrx_word' id='word_1_191' title='bbox 890 1497 922 1516; x_wconf 78' lang='lat'>12</span> <span class='ocrx_word' id='word_1_192' title='bbox 949 1497 1030 1526; x_wconf 79' lang='lat' dir='ltr'>seqq.</span> 
     </span>
     <span class='ocr_line' id='line_1_25' title="bbox 310 1531 1033 1569; baseline -0.004 -6"><span class='ocrx_word' id='word_1_193' title='bbox 310 1533 359 1563; x_wconf 89' lang='lat' dir='ltr'>Ibi</span> <span class='ocrx_word' id='word_1_194' title='bbox 388 1533 421 1562; x_wconf 90' lang='lat' dir='ltr'>in</span> <span class='ocrx_word' id='word_1_195' title='bbox 446 1531 681 1562; x_wconf 80' lang='lat' dir='ltr'>Commentario</span> <span class='ocrx_word' id='word_1_196' title='bbox 707 1531 864 1569; x_wconf 81' lang='lat' dir='ltr'>legantur,</span> <span class='ocrx_word' id='word_1_197' title='bbox 889 1540 968 1568; x_wconf 78' lang='lat' dir='ltr'>quae</span> <span class='ocrx_word' id='word_1_198' title='bbox 995 1531 1033 1560; x_wconf 81' lang='lat' dir='ltr'>de</span> 
     </span>
     <span class='ocr_line' id='line_1_26' title="bbox 307 1572 1033 1613; baseline -0.007 -8"><span class='ocrx_word' id='word_1_199' title='bbox 307 1575 366 1606; x_wconf 90' lang='lat' dir='ltr'>hoc</span> <span class='ocrx_word' id='word_1_200' title='bbox 384 1575 531 1605; x_wconf 86' lang='lat' dir='ltr'>Leucone</span> <span class='ocrx_word' id='word_1_201' title='bbox 547 1574 673 1613; x_wconf 80' lang='lat' dir='ltr'>cognita</span> <span class='ocrx_word' id='word_1_202' title='bbox 688 1573 850 1602; x_wconf 83' lang='lat' dir='ltr'>habemus.</span> <span class='ocrx_word' id='word_1_203' title='bbox 871 1572 1033 1611; x_wconf 66' lang='grc' dir='ltr'>”Αρχοντα</span> 
     </span>
     <span class='ocr_line' id='line_1_27' title="bbox 308 1613 1034 1655; baseline -0.008 -7"><span class='ocrx_word' id='word_1_204' title='bbox 308 1628 381 1648; x_wconf 89' lang='lat' dir='ltr'>cum</span> <span class='ocrx_word' id='word_1_205' title='bbox 408 1617 638 1647; x_wconf 82' lang='lat' dir='ltr'>Demosthenes</span> <span class='ocrx_word' id='word_1_206' title='bbox 665 1615 811 1655; x_wconf 77' lang='lat' dir='ltr'>appellat,</span> <span class='ocrx_word' id='word_1_207' title='bbox 835 1625 900 1644; x_wconf 86' lang='lat' dir='ltr'>non</span> <span class='ocrx_word' id='word_1_208' title='bbox 924 1613 1034 1653; x_wconf 85' lang='grc' dir='ltr'>τύραν-</span> 
     </span>
     <span class='ocr_line' id='line_1_28' title="bbox 309 1658 1031 1699; baseline -0.006 -9"><span class='ocrx_word' id='word_1_209' title='bbox 309 1672 374 1697; x_wconf 89' lang='grc' dir='ltr'>νον,</span> <span class='ocrx_word' id='word_1_210' title='bbox 390 1660 504 1699; x_wconf 88' lang='lat' dir='ltr'>quippe</span> <span class='ocrx_word' id='word_1_211' title='bbox 520 1659 680 1688; x_wconf 88' lang='lat' dir='ltr'>homiuem</span> <span class='ocrx_word' id='word_1_212' title='bbox 703 1658 876 1697; x_wconf 86' lang='lat' dir='ltr'>gratiosum</span> <span class='ocrx_word' id='word_1_213' title='bbox 893 1663 924 1687; x_wconf 89' lang='lat' dir='ltr'>et</span> <span class='ocrx_word' id='word_1_214' title='bbox 947 1667 1031 1693; x_wconf 85' lang='lat' dir='ltr'>eum,</span> 
     </span>
     <span class='ocr_line' id='line_1_29' title="bbox 309 1699 1032 1741; baseline -0.006 -9"><span class='ocrx_word' id='word_1_215' title='bbox 309 1705 400 1741; x_wconf 86' lang='lat' dir='ltr'>cujus</span> <span class='ocrx_word' id='word_1_216' title='bbox 424 1703 455 1731; x_wconf 90' lang='lat' dir='ltr'>in</span> <span class='ocrx_word' id='word_1_217' title='bbox 481 1701 633 1740; x_wconf 83' lang='lat' dir='ltr'>rempubl.</span> <span class='ocrx_word' id='word_1_218' title='bbox 658 1701 771 1730; x_wconf 86' lang='lat' dir='ltr'>merita</span> <span class='ocrx_word' id='word_1_219' title='bbox 793 1699 942 1729; x_wconf 77' lang='lat' dir='ltr'>extollere</span> <span class='ocrx_word' id='word_1_220' title='bbox 965 1705 1032 1729; x_wconf 88' lang='lat' dir='ltr'>stu-</span> 
     </span>
     <span class='ocr_line' id='line_1_30' title="bbox 309 1742 1032 1783; baseline -0.006 -8"><span class='ocrx_word' id='word_1_221' title='bbox 309 1746 372 1782; x_wconf 85' lang='lat' dir='ltr'>det,</span> <span class='ocrx_word' id='word_1_222' title='bbox 397 1744 534 1783; x_wconf 86' lang='lat' dir='ltr'>gratiore</span> <span class='ocrx_word' id='word_1_223' title='bbox 561 1743 678 1773; x_wconf 80' lang='lat' dir='ltr'>Atticis</span> <span class='ocrx_word' id='word_1_224' title='bbox 703 1743 832 1772; x_wconf 85' lang='lat' dir='ltr'>auribus</span> <span class='ocrx_word' id='word_1_225' title='bbox 859 1749 889 1772; x_wconf 88' lang='lat' dir='ltr'>et</span> <span class='ocrx_word' id='word_1_226' title='bbox 917 1742 1032 1771; x_wconf 81' lang='lat' dir='ltr'>liberae</span> 
     </span>
     <span class='ocr_line' id='line_1_31' title="bbox 309 1784 1031 1817; baseline -0.007 0"><span class='ocrx_word' id='word_1_227' title='bbox 309 1787 498 1817; x_wconf 84' lang='lat' dir='ltr'>conditionis</span> <span class='ocrx_word' id='word_1_228' title='bbox 529 1786 658 1815; x_wconf 85' lang='lat' dir='ltr'>nomine</span> <span class='ocrx_word' id='word_1_229' title='bbox 689 1785 924 1815; x_wconf 85' lang='lat' dir='ltr'>commendans.</span> <span class='ocrx_word' id='word_1_230' title='bbox 981 1784 1031 1813; x_wconf 83' lang='lat' dir='ltr'>Ita</span> 
     </span>
     <span class='ocr_line' id='line_1_32' title="bbox 310 1828 746 1868; baseline -0.009 -8"><span class='ocrx_word' id='word_1_231' title='bbox 310 1830 433 1868; x_wconf 80' lang='lat' dir='ltr'>saepius</span> <span class='ocrx_word' id='word_1_232' title='bbox 454 1828 576 1858; x_wconf 83' lang='lat' dir='ltr'>faciunt</span> <span class='ocrx_word' id='word_1_233' title='bbox 598 1834 746 1857; x_wconf 85' lang='lat' dir='ltr'>oratores.</span> 
     </span>
    </p>

    <p class='ocr_par' dir='ltr' id='par_1_14' title="bbox 309 1868 1034 2962">
     <span class='ocr_line' id='line_1_33' title="bbox 352 1868 1031 1908; baseline -0.006 -7"><span class='ocrx_word' id='word_1_234' title='bbox 352 1877 381 1894; x_wconf 88' lang='lat' dir='ltr'>m</span> <span class='ocrx_word' id='word_1_235' title='bbox 402 1872 533 1907; x_wconf 73' lang='lat' dir='ltr'>Locum,</span> <span class='ocrx_word' id='word_1_236' title='bbox 551 1880 612 1908; x_wconf 83' lang='lat' dir='ltr'>quo</span> <span class='ocrx_word' id='word_1_237' title='bbox 634 1876 665 1899; x_wconf 88' lang='lat' dir='ltr'>et</span> <span class='ocrx_word' id='word_1_238' title='bbox 688 1869 831 1908; x_wconf 87' lang='lat' dir='ltr'>superius</span> <span class='ocrx_word' id='word_1_239' title='bbox 853 1868 1031 1905; x_wconf 83' lang='lat' dir='ltr'>utebamur,</span> 
     </span>
     <span class='ocr_line' id='line_1_34' title="bbox 309 1911 1032 1949; baseline -0.007 -5"><span class='ocrx_word' id='word_1_240' title='bbox 309 1924 396 1944; x_wconf 85' lang='lat' dir='ltr'>nunc</span> <span class='ocrx_word' id='word_1_241' title='bbox 423 1920 526 1944; x_wconf 88' lang='lat' dir='ltr'>totum</span> <span class='ocrx_word' id='word_1_242' title='bbox 551 1913 664 1942; x_wconf 86' lang='lat' dir='ltr'>damus</span> <span class='ocrx_word' id='word_1_243' title='bbox 692 1922 730 1941; x_wconf 81' lang='lat' dir='ltr'>ex</span> <span class='ocrx_word' id='word_1_244' title='bbox 758 1911 856 1949; x_wconf 82' lang='lat' dir='ltr'>Epist.</span> <span class='ocrx_word' id='word_1_245' title='bbox 884 1912 920 1940; x_wconf 83' lang='lat' dir='ltr'>ad</span> <span class='ocrx_word' id='word_1_246' title='bbox 949 1912 1032 1939; x_wconf 87' lang='lat' dir='ltr'>Am-</span> 
     </span>
     <span class='ocr_line' id='line_1_35' title="bbox 309 1951 1033 1994; baseline -0.008 -7"><span class='ocrx_word' id='word_1_247' title='bbox 309 1967 436 1986; x_wconf 86' lang='lat' dir='ltr'>maeum</span> <span class='ocrx_word' id='word_1_248' title='bbox 468 1967 495 1994; x_wconf 86' lang='lat' dir='ltr'>p.</span> <span class='ocrx_word' id='word_1_249' title='bbox 528 1963 599 1992; x_wconf 80' lang='lat'>724.</span> <span class='ocrx_word' id='word_1_250' title='bbox 661 1952 762 1984; x_wconf 72' lang='grc' dir='ltr'>Οὗτος</span> <span class='ocrx_word' id='word_1_251' title='bbox 794 1952 945 1990; x_wconf 74' lang='grc' dir='ltr'>ἐγεννήθη</span> <span class='ocrx_word' id='word_1_252' title='bbox 975 1951 1033 1989; x_wconf 88' lang='grc' dir='ltr'>μὲν</span> 
     </span>
     <span class='ocr_line' id='line_1_36' title="bbox 311 1995 1033 2036; baseline -0.007 -7"><span class='ocrx_word' id='word_1_253' title='bbox 311 2000 439 2036; x_wconf 77' lang='grc' dir='ltr'>ἐνιαυτῷ</span> <span class='ocrx_word' id='word_1_254' title='bbox 461 1995 612 2036; x_wconf 80' lang='grc' dir='ltr'>πρότερον</span> <span class='ocrx_word' id='word_1_255' title='bbox 635 1998 692 2031; x_wconf 80' lang='grc' dir='ltr'>τῆς</span> <span class='ocrx_word' id='word_1_256' title='bbox 719 1997 893 2031; x_wconf 81' lang='grc' dir='ltr'>ἑκατοστῆς</span> <span class='ocrx_word' id='word_1_257' title='bbox 916 1996 1033 2032; x_wconf 81' lang='grc' dir='ltr'>Ὀλυμ-</span> 
     </span>
     <span class='ocr_line' id='line_1_37' title="bbox 309 2036 1033 2079; baseline -0.007 -8"><span class='ocrx_word' id='word_1_258' title='bbox 309 2040 426 2071; x_wconf 84' lang='grc' dir='ltr'>πιάδος·</span> <span class='ocrx_word' id='word_1_259' title='bbox 452 2039 605 2079; x_wconf 76' lang='grc' dir='ltr'>ἄρχοντος</span> <span class='ocrx_word' id='word_1_260' title='bbox 622 2037 654 2068; x_wconf 85' lang='grc' dir='ltr'>δὲ</span> <span class='ocrx_word' id='word_1_261' title='bbox 670 2036 878 2076; x_wconf 79' lang='grc' dir='ltr'>Τιμοκράτους</span> <span class='ocrx_word' id='word_1_262' title='bbox 900 2036 941 2067; x_wconf 82' lang='grc' dir='ltr'>εἷς</span> <span class='ocrx_word' id='word_1_263' title='bbox 964 2036 1033 2067; x_wconf 85' lang='grc' dir='ltr'>ἔτος</span> 
     </span>
     <span class='ocr_line' id='line_1_38' title="bbox 310 2078 1033 2120; baseline -0.006 -8"><span class='ocrx_word' id='word_1_264' title='bbox 310 2081 349 2118; x_wconf 79' lang='grc' dir='ltr'>ἧν</span> <span class='ocrx_word' id='word_1_265' title='bbox 366 2082 547 2120; x_wconf 82' lang='grc' dir='ltr'>ἐμβεβηκὼς</span> <span class='ocrx_word' id='word_1_266' title='bbox 570 2078 842 2110; x_wconf 81' lang='grc' dir='ltr'>ἑπτακαιδέκατον·</span> <span class='ocrx_word' id='word_1_267' title='bbox 867 2078 1033 2116; x_wconf 81' lang='grc' dir='ltr'>δημοσίους</span> 
     </span>
     <span class='ocr_line' id='line_1_39' title="bbox 310 2120 1034 2162; baseline -0.006 -8"><span class='ocrx_word' id='word_1_268' title='bbox 310 2137 346 2154; x_wconf 85' lang='grc' dir='ltr'>τε</span> <span class='ocrx_word' id='word_1_269' title='bbox 363 2125 477 2162; x_wconf 77' lang='grc' dir='ltr'>λόγους</span> <span class='ocrx_word' id='word_1_270' title='bbox 492 2123 604 2162; x_wconf 84' lang='grc' dir='ltr'>ἤρξατο</span> <span class='ocrx_word' id='word_1_271' title='bbox 620 2121 751 2161; x_wconf 70' lang='grc' dir='ltr'>’γράφειν</span> <span class='ocrx_word' id='word_1_272' title='bbox 769 2121 817 2151; x_wconf 83' lang='grc' dir='ltr'>ἐπ).</span> <span class='ocrx_word' id='word_1_273' title='bbox 836 2120 1034 2159; x_wconf 75' lang='grc' dir='ltr'>Καλλιστρά-</span> 
     </span>
     <span class='ocr_line' id='line_1_40' title="bbox 311 2162 1033 2205; baseline -0.006 -9"><span class='ocrx_word' id='word_1_274' title='bbox 311 2179 368 2196; x_wconf 86' lang='grc' dir='ltr'>του</span> <span class='ocrx_word' id='word_1_275' title='bbox 406 2167 571 2205; x_wconf 74' lang='grc' dir='ltr'>ἄρχοντος,</span> <span class='ocrx_word' id='word_1_276' title='bbox 611 2165 755 2195; x_wconf 79' lang='grc' dir='ltr'>εἰκοστὸν</span> <span class='ocrx_word' id='word_1_277' title='bbox 799 2164 847 2193; x_wconf 83' lang='grc' dir='ltr'>καὶ</span> <span class='ocrx_word' id='word_1_278' title='bbox 891 2162 1033 2200; x_wconf 82' lang='grc' dir='ltr'>πέμπτον</span> 
     </span>
     <span class='ocr_line' id='line_1_41' title="bbox 311 2207 1034 2247; baseline -0.006 -8"><span class='ocrx_word' id='word_1_279' title='bbox 311 2208 395 2247; x_wconf 82' lang='grc' dir='ltr'>ἔχων</span> <span class='ocrx_word' id='word_1_280' title='bbox 412 2209 491 2238; x_wconf 83' lang='grc' dir='ltr'>ἔτος.</span> <span class='ocrx_word' id='word_1_281' title='bbox 540 2207 595 2236; x_wconf 79' lang='grc' dir='ltr'>Καὶ</span> <span class='ocrx_word' id='word_1_282' title='bbox 618 2207 706 2237; x_wconf 84' lang='grc' dir='ltr'>ἔστιν</span> <span class='ocrx_word' id='word_1_283' title='bbox 722 2207 816 2236; x_wconf 81' lang='grc' dir='ltr'>αὐτοῦ</span> <span class='ocrx_word' id='word_1_284' title='bbox 836 2207 956 2245; x_wconf 78' lang='grc' dir='ltr'>πρῶτος</span> <span class='ocrx_word' id='word_1_285' title='bbox 970 2207 1034 2235; x_wconf 81' lang='grc' dir='ltr'>τῶν</span> 
     </span>
     <span class='ocr_line' id='line_1_42' title="bbox 312 2246 1031 2289; baseline -0.004 -9"><span class='ocrx_word' id='word_1_286' title='bbox 312 2252 346 2280; x_wconf 85' lang='grc' dir='ltr'>ἐν</span> <span class='ocrx_word' id='word_1_287' title='bbox 362 2247 547 2289; x_wconf 78' lang='grc' dir='ltr'>δικαστηρίῳ</span> <span class='ocrx_word' id='word_1_288' title='bbox 568 2246 885 2279; x_wconf 81' lang='grc' dir='ltr'>κατασκευασθέντων</span> <span class='ocrx_word' id='word_1_289' title='bbox 904 2248 1031 2286; x_wconf 78' lang='grc' dir='ltr'>ἀγώνων</span> 
     </span>
     <span class='ocr_line' id='line_1_43' title="bbox 313 2289 1031 2329; baseline -0.004 -7"><span class='ocrx_word' id='word_1_290' title='bbox 313 2294 328 2322; x_wconf 80' lang='grc' dir='ltr'>ὁ</span> <span class='ocrx_word' id='word_1_291' title='bbox 346 2292 425 2323; x_wconf 83' lang='grc' dir='ltr'>κατὰ</span> <span class='ocrx_word' id='word_1_292' title='bbox 439 2292 665 2329; x_wconf 82' lang='grc' dir='ltr'>Ἀνδροτίωνος,</span> <span class='ocrx_word' id='word_1_293' title='bbox 681 2292 717 2321; x_wconf 71' lang='grc' dir='ltr'>ὒν</span> <span class='ocrx_word' id='word_1_294' title='bbox 732 2289 873 2329; x_wconf 74' lang='grc' dir='ltr'>’γέγραφε</span> <span class='ocrx_word' id='word_1_295' title='bbox 890 2290 1031 2329; x_wconf 82' lang='grc' dir='ltr'>Διοδώρῳ</span> 
     </span>
     <span class='ocr_line' id='line_1_44' title="bbox 311 2331 1030 2374; baseline -0.004 -9"><span class='ocrx_word' id='word_1_296' title='bbox 311 2337 357 2372; x_wconf 79' lang='grc' dir='ltr'>τῷ</span> <span class='ocrx_word' id='word_1_297' title='bbox 379 2335 512 2374; x_wconf 76' lang='grc' dir='ltr'>κρίνοντι</span> <span class='ocrx_word' id='word_1_298' title='bbox 536 2333 573 2362; x_wconf 80' lang='grc' dir='ltr'>τὸ</span> <span class='ocrx_word' id='word_1_299' title='bbox 597 2334 743 2373; x_wconf 70' lang='grc' dir='ltr'>ψήφισμα</span> <span class='ocrx_word' id='word_1_300' title='bbox 764 2331 956 2371; x_wconf 60' lang='grc' dir='ltr'>παρανόμων</span> <span class='ocrx_word' id='word_1_301' title='bbox 981 2332 1030 2362; x_wconf 75' lang='grc' dir='ltr'>καὶ</span> 
     </span>
     <span class='ocr_line' id='line_1_45' title="bbox 314 2375 1031 2414; baseline -0.004 -7"><span class='ocrx_word' id='word_1_302' title='bbox 314 2377 393 2407; x_wconf 82' lang='grc' dir='ltr'>κατὰ</span> <span class='ocrx_word' id='word_1_303' title='bbox 408 2378 464 2407; x_wconf 78' lang='grc' dir='ltr'>τὸν</span> <span class='ocrx_word' id='word_1_304' title='bbox 483 2375 576 2407; x_wconf 77' lang='grc' dir='ltr'>αὐτὸν</span> <span class='ocrx_word' id='word_1_305' title='bbox 591 2376 706 2414; x_wconf 86' lang='grc' dir='ltr'>χρόνον</span> <span class='ocrx_word' id='word_1_306' title='bbox 722 2375 826 2414; x_wconf 77' lang='grc' dir='ltr'>ἕτερος</span> <span class='ocrx_word' id='word_1_307' title='bbox 848 2375 896 2404; x_wconf 77' lang='grc' dir='ltr'>ἐπὶ</span> <span class='ocrx_word' id='word_1_308' title='bbox 914 2379 1031 2404; x_wconf 85' lang='grc' dir='ltr'>Καλλι-</span> 
     </span>
     <span class='ocr_line' id='line_1_46' title="bbox 313 2417 1029 2459; baseline -0.004 -10"><span class='ocrx_word' id='word_1_309' title='bbox 313 2418 449 2458; x_wconf 71' lang='grc' dir='ltr'>στράτου</span> <span class='ocrx_word' id='word_1_310' title='bbox 487 2420 651 2459; x_wconf 82' lang='grc' dir='ltr'>ἄρχοντος,</span> <span class='ocrx_word' id='word_1_311' title='bbox 684 2420 699 2448; x_wconf 84' lang='grc' dir='ltr'>ὁ</span> <span class='ocrx_word' id='word_1_312' title='bbox 729 2418 814 2457; x_wconf 75' lang='grc' dir='ltr'>περὶ</span> <span class='ocrx_word' id='word_1_313' title='bbox 844 2419 916 2446; x_wconf 83' lang='grc' dir='ltr'>τῶν</span> <span class='ocrx_word' id='word_1_314' title='bbox 947 2417 1029 2446; x_wconf 84' lang='grc' dir='ltr'>ἀτε-</span> 
     </span>
     <span class='ocr_line' id='line_1_47' title="bbox 312 2457 1032 2501; baseline -0.003 -10"><span class='ocrx_word' id='word_1_315' title='bbox 312 2463 430 2501; x_wconf 81' lang='grc' dir='ltr'>λειῶν,</span> <span class='ocrx_word' id='word_1_316' title='bbox 461 2462 496 2491; x_wconf 73' lang='grc' dir='ltr'>ὒν</span> <span class='ocrx_word' id='word_1_317' title='bbox 533 2461 624 2491; x_wconf 75' lang='grc' dir='ltr'>αὐτὸς</span> <span class='ocrx_word' id='word_1_318' title='bbox 661 2459 791 2495; x_wconf 81' lang='grc' dir='ltr'>διέθετο,</span> <span class='ocrx_word' id='word_1_319' title='bbox 823 2457 1032 2498; x_wconf 76' lang='grc' dir='ltr'>χαριέστατος</span> 
     </span>
     <span class='ocr_line' id='line_1_48' title="bbox 312 2502 1030 2541; baseline -0.004 -7"><span class='ocrx_word' id='word_1_320' title='bbox 312 2503 455 2534; x_wconf 72' lang='grc' dir='ltr'>ἁπάντων</span> <span class='ocrx_word' id='word_1_321' title='bbox 481 2507 545 2534; x_wconf 81' lang='grc' dir='ltr'>τῶν</span> <span class='ocrx_word' id='word_1_322' title='bbox 573 2503 678 2541; x_wconf 74' lang='grc' dir='ltr'>λόγων</span> <span class='ocrx_word' id='word_1_323' title='bbox 708 2502 756 2532; x_wconf 79' lang='grc' dir='ltr'>καὶ</span> <span class='ocrx_word' id='word_1_324' title='bbox 783 2502 1030 2541; x_wconf 72' lang='grc' dir='ltr'>γραφικώτατος.</span> 
     </span>
     <span class='ocr_line' id='line_1_49' title="bbox 314 2545 1030 2577; baseline -0.006 0"><span class='ocrx_word' id='word_1_325' title='bbox 314 2547 495 2577; x_wconf 83' lang='lat' dir='ltr'>Postremus</span> <span class='ocrx_word' id='word_1_326' title='bbox 525 2548 558 2576; x_wconf 89' lang='lat' dir='ltr'>in</span> <span class='ocrx_word' id='word_1_327' title='bbox 589 2546 647 2575; x_wconf 87' lang='grc'>1100</span> <span class='ocrx_word' id='word_1_328' title='bbox 678 2545 743 2576; x_wconf 88' lang='grc'>1000</span> <span class='ocrx_word' id='word_1_329' title='bbox 778 2555 930 2574; x_wconf 83' lang='lat' dir='ltr'>numerus</span> <span class='ocrx_word' id='word_1_330' title='bbox 962 2550 1030 2574; x_wconf 89' lang='lat' dir='ltr'>tum</span> 
     </span>
     <span class='ocr_line' id='line_1_50' title="bbox 311 2587 1030 2626; baseline -0.003 -8"><span class='ocrx_word' id='word_1_331' title='bbox 311 2589 379 2619; x_wconf 85' lang='lat' dir='ltr'>aliis</span> <span class='ocrx_word' id='word_1_332' title='bbox 406 2590 536 2619; x_wconf 84' lang='lat' dir='ltr'>vitiatus</span> <span class='ocrx_word' id='word_1_333' title='bbox 562 2589 699 2623; x_wconf 80' lang='lat' dir='ltr'>videtur,</span> <span class='ocrx_word' id='word_1_334' title='bbox 726 2594 795 2617; x_wconf 89' lang='lat' dir='ltr'>tum</span> <span class='ocrx_word' id='word_1_335' title='bbox 825 2587 962 2626; x_wconf 77' lang='lat' dir='ltr'>Tayloro</span> <span class='ocrx_word' id='word_1_336' title='bbox 991 2588 1030 2616; x_wconf 81' lang='lat' dir='ltr'>ad</span> 
     </span>
     <span class='ocr_line' id='line_1_51' title="bbox 313 2629 1030 2670; baseline -0.004 -9"><span class='ocrx_word' id='word_1_337' title='bbox 313 2631 370 2661; x_wconf 89' lang='lat' dir='ltr'>Or.</span> <span class='ocrx_word' id='word_1_338' title='bbox 402 2632 435 2660; x_wconf 88' lang='lat' dir='ltr'>in</span> <span class='ocrx_word' id='word_1_339' title='bbox 466 2632 601 2661; x_wconf 79' lang='lat' dir='ltr'>Androt.</span> <span class='ocrx_word' id='word_1_340' title='bbox 634 2642 662 2670; x_wconf 85' lang='lat' dir='ltr'>p.</span> <span class='ocrx_word' id='word_1_341' title='bbox 693 2629 766 2668; x_wconf 81' lang='lat'>659.</span> <span class='ocrx_word' id='word_1_342' title='bbox 822 2629 944 2659; x_wconf 81' lang='lat' dir='ltr'>Omnes</span> <span class='ocrx_word' id='word_1_343' title='bbox 975 2640 1030 2668; x_wconf 87' lang='lat' dir='ltr'>pro</span> 
     </span>
     <span class='ocr_line' id='line_1_52' title="bbox 312 2672 1031 2711; baseline -0.001 -9"><span class='ocrx_word' id='word_1_344' title='bbox 312 2683 396 2702; x_wconf 84' lang='lat' dir='ltr'>anno</span> <span class='ocrx_word' id='word_1_345' title='bbox 425 2683 473 2711; x_wconf 80' lang='lat'>25.</span> <span class='ocrx_word' id='word_1_346' title='bbox 503 2674 627 2703; x_wconf 79' lang='lat' dir='ltr'>rescribi</span> <span class='ocrx_word' id='word_1_347' title='bbox 653 2673 766 2711; x_wconf 82' lang='lat' dir='ltr'>jubent</span> <span class='ocrx_word' id='word_1_348' title='bbox 794 2681 856 2710; x_wconf 59' lang='lat'>27„</span> <span class='ocrx_word' id='word_1_349' title='bbox 881 2672 1031 2701; x_wconf 80' lang='lat' dir='ltr'>advocato</span> 
     </span>
     <span class='ocr_line' id='line_1_53' title="bbox 312 2714 1031 2753; baseline -0.001 -8"><span class='ocrx_word' id='word_1_350' title='bbox 312 2716 406 2745; x_wconf 82' lang='lat' dir='ltr'>etiam</span> <span class='ocrx_word' id='word_1_351' title='bbox 424 2716 524 2745; x_wconf 74' lang='lat' dir='ltr'>(iellio</span> <span class='ocrx_word' id='word_1_352' title='bbox 544 2725 590 2753; x_wconf 72' lang='lat'>15,</span> <span class='ocrx_word' id='word_1_353' title='bbox 609 2716 657 2745; x_wconf 77' lang='lat'>28.</span> <span class='ocrx_word' id='word_1_354' title='bbox 707 2715 818 2753; x_wconf 81' lang='lat' dir='ltr'>Itaque</span> <span class='ocrx_word' id='word_1_355' title='bbox 835 2714 928 2743; x_wconf 80' lang='lat' dir='ltr'>simul</span> <span class='ocrx_word' id='word_1_356' title='bbox 945 2724 1031 2752; x_wconf 85' lang='lat' dir='ltr'>prae-</span> 
     </span>
     <span class='ocr_line' id='line_1_54' title="bbox 313 2757 1029 2795; baseline 0.001 -10"><span class='ocrx_word' id='word_1_357' title='bbox 313 2758 423 2786; x_wconf 81' lang='lat' dir='ltr'>cedens</span> <span class='ocrx_word' id='word_1_358' title='bbox 454 2768 605 2787; x_wconf 86' lang='lat' dir='ltr'>numerus</span> <span class='ocrx_word' id='word_1_359' title='bbox 636 2765 683 2795; x_wconf 75' lang='grc'>17.</span> <span class='ocrx_word' id='word_1_360' title='bbox 719 2757 922 2795; x_wconf 80' lang='lat' dir='ltr'>corrigendus</span> <span class='ocrx_word' id='word_1_361' title='bbox 952 2763 1029 2786; x_wconf 84' lang='lat' dir='ltr'>erat.</span> 
     </span>
     <span class='ocr_line' id='line_1_55' title="bbox 314 2798 1031 2838; baseline 0.001 -11"><span class='ocrx_word' id='word_1_362' title='bbox 314 2799 482 2828; x_wconf 84' lang='lat' dir='ltr'>Falluntur</span> <span class='ocrx_word' id='word_1_363' title='bbox 497 2800 556 2828; x_wconf 76' lang='lat' dir='ltr'>viri</span> <span class='ocrx_word' id='word_1_364' title='bbox 573 2800 692 2838; x_wconf 83' lang='lat' dir='ltr'>optimi.</span> <span class='ocrx_word' id='word_1_365' title='bbox 730 2799 781 2828; x_wconf 85' lang='lat' dir='ltr'>Ex</span> <span class='ocrx_word' id='word_1_366' title='bbox 797 2798 1031 2837; x_wconf 83' lang='lat' dir='ltr'>computatione</span> 
     </span>
     <span class='ocr_line' id='line_1_56' title="bbox 313 2840 1028 2880; baseline 0 -11"><span class='ocrx_word' id='word_1_367' title='bbox 313 2841 457 2880; x_wconf 84' lang='lat' dir='ltr'>Dionysii</span> <span class='ocrx_word' id='word_1_368' title='bbox 476 2841 703 2871; x_wconf 83' lang='lat' dir='ltr'>Demosthenes</span> <span class='ocrx_word' id='word_1_369' title='bbox 722 2848 816 2870; x_wconf 80' lang='lat' dir='ltr'>uatus</span> <span class='ocrx_word' id='word_1_370' title='bbox 837 2846 883 2870; x_wconf 86' lang='lat' dir='ltr'>est</span> <span class='ocrx_word' id='word_1_371' title='bbox 901 2840 1028 2879; x_wconf 86' lang='lat' dir='ltr'>Olymp.</span> 
     </span>
     <span class='ocr_line' id='line_1_57' title="bbox 312 2883 1028 2921; baseline 0 -9"><span class='ocrx_word' id='word_1_372' title='bbox 312 2892 363 2921; x_wconf 81' lang='lat'>99,</span> <span class='ocrx_word' id='word_1_373' title='bbox 380 2895 408 2920; x_wconf 82' lang='lat'>4.</span> <span class='ocrx_word' id='word_1_374' title='bbox 428 2883 614 2921; x_wconf 86' lang='lat' dir='ltr'>Demophilo</span> <span class='ocrx_word' id='word_1_375' title='bbox 630 2884 721 2913; x_wconf 79' lang='lat' dir='ltr'>Arch.</span> <span class='ocrx_word' id='word_1_376' title='bbox 758 2883 844 2921; x_wconf 77' lang='lat' dir='ltr'>Ergo</span> <span class='ocrx_word' id='word_1_377' title='bbox 860 2892 958 2921; x_wconf 81' lang='lat' dir='ltr'>quum</span> <span class='ocrx_word' id='word_1_378' title='bbox 975 2893 1028 2912; x_wconf 82' lang='lat' dir='ltr'>ex-</span> 
     </span>
     <span class='ocr_line' id='line_1_58' title="bbox 311 2924 1026 2962; baseline 0 -9"><span class='ocrx_word' id='word_1_379' title='bbox 311 2930 410 2954; x_wconf 82' lang='lat' dir='ltr'>tremo</span> <span class='ocrx_word' id='word_1_380' title='bbox 431 2935 524 2962; x_wconf 79' lang='grc'>311110,</span> <span class='ocrx_word' id='word_1_381' title='bbox 542 2935 605 2954; x_wconf 88' lang='grc'>11011</span> <span class='ocrx_word' id='word_1_382' title='bbox 627 2925 767 2962; x_wconf 77' lang='grc'>1110111110&gt;</span> <span class='ocrx_word' id='word_1_383' title='bbox 790 2925 823 2954; x_wconf 90' lang='grc'>111</span> <span class='ocrx_word' id='word_1_384' title='bbox 842 2924 943 2954; x_wconf 84' lang='lat' dir='ltr'>lucem</span> <span class='ocrx_word' id='word_1_385' title='bbox 963 2925 1026 2954; x_wconf 84' lang='lat' dir='ltr'>edi-</span> 
     </span>
    </p>
   </div>
   <div class='ocr_carea' id='block_1_9' title="bbox 1083 1185 1826 1238">
    <p class='ocr_par' dir='ltr' id='par_1_15' title="bbox 1083 1185 1826 1238">
     <span class='ocr_line' id='line_1_59' title="bbox 1083 1185 1826 1238; baseline 0.001 -14"><span class='ocrx_word' id='word_1_386' title='bbox 1083 1185 1183 1225; x_wconf 88' lang='lat' dir='ltr'>Fuit</span> <span class='ocrx_word' id='word_1_387' title='bbox 1215 1185 1358 1238; x_wconf 82' lang='lat' dir='ltr'>utique</span> <span class='ocrx_word' id='word_1_388' title='bbox 1392 1185 1434 1224; x_wconf 91' lang='lat' dir='ltr'>id</span> <span class='ocrx_word' id='word_1_389' title='bbox 1465 1185 1641 1224; x_wconf 87' lang='lat' dir='ltr'>liberum</span> <span class='ocrx_word' id='word_1_390' title='bbox 1676 1185 1826 1238; x_wconf 72' lang='lat' dir='ltr'>cuique</span> 
     </span>
    </p>
   </div>
   <div class='ocr_carea' id='block_1_10' title="bbox 1188 1241 1826 1294">
    <p class='ocr_par' dir='ltr' id='par_1_16' title="bbox 1188 1241 1826 1294">
     <span class='ocr_line' id='line_1_60' title="bbox 1188 1241 1826 1294; baseline 0 -14"><span class='ocrx_word' id='word_1_391' title='bbox 1188 1241 1237 1280; x_wconf 91' lang='lat' dir='ltr'>In</span> <span class='ocrx_word' id='word_1_392' title='bbox 1270 1241 1349 1281; x_wconf 83' lang='grc'>1130</span> <span class='ocrx_word' id='word_1_393' title='bbox 1385 1249 1527 1281; x_wconf 82' lang='lat' dir='ltr'>autem</span> <span class='ocrx_word' id='word_1_394' title='bbox 1564 1241 1665 1294; x_wconf 70' lang='lat' dir='ltr'>lege,</span> <span class='ocrx_word' id='word_1_395' title='bbox 1701 1256 1826 1294; x_wconf 85' lang='lat' dir='ltr'>quam</span> 
     </span>
    </p>
   </div>
   <div class='ocr_carea' id='block_1_11' title="bbox 1096 1398 1826 2920">
    <p class='ocr_par' dir='ltr' id='par_1_17' title="bbox 1098 1398 1826 2411">
     <span class='ocr_line' id='line_1_61' title="bbox 1102 1398 1825 1440; baseline -0.003 -9"><span class='ocrx_word' id='word_1_396' title='bbox 1102 1408 1152 1431; x_wconf 89' lang='lat' dir='ltr'>tus</span> <span class='ocrx_word' id='word_1_397' title='bbox 1176 1401 1226 1437; x_wconf 79' lang='lat' dir='ltr'>sit,</span> <span class='ocrx_word' id='word_1_398' title='bbox 1251 1401 1333 1429; x_wconf 87' lang='lat' dir='ltr'>idem</span> <span class='ocrx_word' id='word_1_399' title='bbox 1360 1400 1540 1429; x_wconf 87' lang='lat' dir='ltr'>Timocrate</span> <span class='ocrx_word' id='word_1_400' title='bbox 1563 1399 1663 1429; x_wconf 89' lang='lat' dir='ltr'>Arch.</span> <span class='ocrx_word' id='word_1_401' title='bbox 1681 1398 1825 1440; x_wconf 78' lang='lat' dir='ltr'>(Olymp.</span> 
     </span>
     <span class='ocr_line' id='line_1_62' title="bbox 1105 1443 1825 1482; baseline 0 -10"><span class='ocrx_word' id='word_1_402' title='bbox 1105 1453 1178 1480; x_wconf 70' lang='lat'><em>104‚</em></span> <span class='ocrx_word' id='word_1_403' title='bbox 1200 1443 1242 1479; x_wconf 77' lang='lat'>1.)</span> <span class='ocrx_word' id='word_1_404' title='bbox 1270 1443 1328 1471; x_wconf 77' lang='lat' dir='ltr'>(lici</span> <span class='ocrx_word' id='word_1_405' title='bbox 1354 1443 1485 1472; x_wconf 84' lang='lat' dir='ltr'>debebat</span> <span class='ocrx_word' id='word_1_406' title='bbox 1507 1452 1599 1477; x_wconf 62' lang='lat' dir='ltr'>affere</span> <span class='ocrx_word' id='word_1_407' title='bbox 1620 1452 1743 1472; x_wconf 86' lang='lat' dir='ltr'>anuum</span> <span class='ocrx_word' id='word_1_408' title='bbox 1767 1452 1825 1482; x_wconf 80' lang='grc'>17.,</span> 
     </span>
     <span class='ocr_line' id='line_1_63' title="bbox 1100 1484 1824 1525; baseline -0.001 -10"><span class='ocrx_word' id='word_1_409' title='bbox 1100 1493 1131 1515; x_wconf 82' lang='lat' dir='ltr'>et</span> <span class='ocrx_word' id='word_1_410' title='bbox 1164 1485 1344 1515; x_wconf 78' lang='lat' dir='ltr'>Callistrato</span> <span class='ocrx_word' id='word_1_411' title='bbox 1374 1484 1470 1513; x_wconf 82' lang='lat' dir='ltr'>Arch.</span> <span class='ocrx_word' id='word_1_412' title='bbox 1501 1484 1646 1524; x_wconf 73' lang='lat' dir='ltr'>(Olymp.</span> <span class='ocrx_word' id='word_1_413' title='bbox 1681 1484 1749 1523; x_wconf 83' lang='lat'>106,</span> <span class='ocrx_word' id='word_1_414' title='bbox 1779 1485 1824 1525; x_wconf 79' lang='lat'>2.)</span> 
     </span>
     <span class='ocr_line' id='line_1_64' title="bbox 1100 1527 1824 1566; baseline -0.003 -9"><span class='ocrx_word' id='word_1_415' title='bbox 1100 1528 1264 1566; x_wconf 67' lang='lat' dir='ltr'>complesse</span> <span class='ocrx_word' id='word_1_416' title='bbox 1290 1537 1411 1556; x_wconf 85' lang='lat' dir='ltr'>annum</span> <span class='ocrx_word' id='word_1_417' title='bbox 1440 1536 1502 1564; x_wconf 61' lang='lat'>25„</span> <span class='ocrx_word' id='word_1_418' title='bbox 1528 1527 1558 1555; x_wconf 92' lang='lat' dir='ltr'>id</span> <span class='ocrx_word' id='word_1_419' title='bbox 1591 1532 1650 1560; x_wconf 85' lang='lat' dir='ltr'>est,</span> <span class='ocrx_word' id='word_1_420' title='bbox 1675 1537 1768 1565; x_wconf 71' lang='lat' dir='ltr'>(tyere</span> <span class='ocrx_word' id='word_1_421' title='bbox 1796 1538 1824 1557; x_wconf 85' lang='lat' dir='ltr'>a.</span> 
     </span>
     <span class='ocr_line' id='line_1_65' title="bbox 1102 1568 1826 1607; baseline 0 -7"><span class='ocrx_word' id='word_1_422' title='bbox 1102 1570 1150 1600; x_wconf 83' lang='lat'>26.</span> <span class='ocrx_word' id='word_1_423' title='bbox 1221 1570 1358 1599; x_wconf 85' lang='lat' dir='ltr'>Interest</span> <span class='ocrx_word' id='word_1_424' title='bbox 1396 1569 1548 1597; x_wconf 85' lang='lat' dir='ltr'>nimirum</span> <span class='ocrx_word' id='word_1_425' title='bbox 1586 1568 1703 1607; x_wconf 83' lang='lat' dir='ltr'>aliquid</span> <span class='ocrx_word' id='word_1_426' title='bbox 1742 1570 1826 1600; x_wconf 84' lang='lat' dir='ltr'>inter</span> 
     </span>
     <span class='ocr_line' id='line_1_66' title="bbox 1101 1610 1824 1650; baseline 0.001 -9"><span class='ocrx_word' id='word_1_427' title='bbox 1101 1613 1196 1642; x_wconf 78' lang='lat' dir='ltr'>verba</span> <span class='ocrx_word' id='word_1_428' title='bbox 1219 1610 1257 1647; x_wconf 77' lang='grc' dir='ltr'>ἦν</span> <span class='ocrx_word' id='word_1_429' title='bbox 1280 1611 1464 1648; x_wconf 73' lang='grc' dir='ltr'>ἐμβεβηκὼς</span> <span class='ocrx_word' id='word_1_430' title='bbox 1488 1610 1558 1641; x_wconf 77' lang='grc' dir='ltr'>ἔτος</span> <span class='ocrx_word' id='word_1_431' title='bbox 1581 1617 1611 1641; x_wconf 83' lang='lat' dir='ltr'>et</span> <span class='ocrx_word' id='word_1_432' title='bbox 1636 1610 1704 1641; x_wconf 81' lang='grc' dir='ltr'>ἔτος</span> <span class='ocrx_word' id='word_1_433' title='bbox 1729 1611 1824 1650; x_wconf 83' lang='grc' dir='ltr'>ἔχων,</span> 
     </span>
     <span class='ocr_line' id='line_1_67' title="bbox 1101 1654 1824 1694; baseline 0.001 -10"><span class='ocrx_word' id='word_1_434' title='bbox 1101 1656 1183 1694; x_wconf 84' lang='lat' dir='ltr'>quod</span> <span class='ocrx_word' id='word_1_435' title='bbox 1221 1662 1376 1693; x_wconf 80' lang='lat' dir='ltr'>posterius</span> <span class='ocrx_word' id='word_1_436' title='bbox 1411 1654 1493 1683; x_wconf 87' lang='lat' dir='ltr'>idem</span> <span class='ocrx_word' id='word_1_437' title='bbox 1532 1660 1578 1683; x_wconf 84' lang='lat' dir='ltr'>est</span> <span class='ocrx_word' id='word_1_438' title='bbox 1609 1663 1644 1683; x_wconf 84' lang='lat' dir='ltr'>ac</span> <span class='ocrx_word' id='word_1_439' title='bbox 1674 1655 1824 1691; x_wconf 73' lang='grc' dir='ltr'>γεγονώς.</span> 
     </span>
     <span class='ocr_line' id='line_1_68' title="bbox 1100 1696 1825 1736; baseline -0.001 -9"><span class='ocrx_word' id='word_1_440' title='bbox 1100 1699 1250 1727; x_wconf 82' lang='lat' dir='ltr'>Attamen</span> <span class='ocrx_word' id='word_1_441' title='bbox 1268 1696 1412 1736; x_wconf 72' lang='lat' dir='ltr'>Dionysii</span> <span class='ocrx_word' id='word_1_442' title='bbox 1436 1697 1503 1735; x_wconf 86' lang='lat' dir='ltr'>ipsa</span> <span class='ocrx_word' id='word_1_443' title='bbox 1527 1697 1684 1726; x_wconf 79' lang='lat' dir='ltr'>sententia</span> <span class='ocrx_word' id='word_1_444' title='bbox 1709 1698 1747 1726; x_wconf 85' lang='lat' dir='ltr'>de</span> <span class='ocrx_word' id='word_1_445' title='bbox 1769 1707 1825 1726; x_wconf 89' lang='lat' dir='ltr'>na-</span> 
     </span>
     <span class='ocr_line' id='line_1_69' title="bbox 1099 1739 1823 1777; baseline -0.001 -8"><span class='ocrx_word' id='word_1_446' title='bbox 1099 1740 1154 1769; x_wconf 87' lang='lat' dir='ltr'>tali</span> <span class='ocrx_word' id='word_1_447' title='bbox 1171 1749 1256 1768; x_wconf 83' lang='lat' dir='ltr'>anno</span> <span class='ocrx_word' id='word_1_448' title='bbox 1274 1739 1407 1768; x_wconf 73' lang='lat' dir='ltr'>oratoris</span> <span class='ocrx_word' id='word_1_449' title='bbox 1424 1749 1497 1768; x_wconf 83' lang='lat' dir='ltr'>vera</span> <span class='ocrx_word' id='word_1_450' title='bbox 1518 1748 1583 1767; x_wconf 84' lang='grc'>11011</span> <span class='ocrx_word' id='word_1_451' title='bbox 1602 1745 1660 1775; x_wconf 82' lang='lat' dir='ltr'>est,</span> <span class='ocrx_word' id='word_1_452' title='bbox 1678 1740 1823 1777; x_wconf 78' lang='lat' dir='ltr'>quamvis</span> 
     </span>
     <span class='ocr_line' id='line_1_70' title="bbox 1100 1781 1826 1819; baseline -0.001 -8"><span class='ocrx_word' id='word_1_453' title='bbox 1100 1792 1170 1812; x_wconf 86' lang='lat' dir='ltr'>eam</span> <span class='ocrx_word' id='word_1_454' title='bbox 1208 1787 1239 1811; x_wconf 87' lang='lat' dir='ltr'>et</span> <span class='ocrx_word' id='word_1_455' title='bbox 1277 1781 1467 1810; x_wconf 86' lang='lat' dir='ltr'>Plutarchus</span> <span class='ocrx_word' id='word_1_456' title='bbox 1506 1788 1656 1819; x_wconf 78' lang='lat' dir='ltr'>sequatur</span> <span class='ocrx_word' id='word_1_457' title='bbox 1694 1781 1727 1810; x_wconf 90' lang='lat' dir='ltr'>in</span> <span class='ocrx_word' id='word_1_458' title='bbox 1759 1781 1826 1811; x_wconf 81' lang='lat' dir='ltr'>Vit.</span> 
     </span>
     <span class='ocr_line' id='line_1_71' title="bbox 1099 1823 1824 1862; baseline -0.001 -8"><span class='ocrx_word' id='word_1_459' title='bbox 1099 1824 1265 1854; x_wconf 86' lang='lat' dir='ltr'>Demosth.</span> <span class='ocrx_word' id='word_1_460' title='bbox 1288 1834 1316 1862; x_wconf 88' lang='lat' dir='ltr'>p.</span> <span class='ocrx_word' id='word_1_461' title='bbox 1337 1824 1398 1860; x_wconf 76' lang='lat'>848</span> <span class='ocrx_word' id='word_1_462' title='bbox 1416 1824 1458 1852; x_wconf 84' lang='lat' dir='ltr'>A.</span> <span class='ocrx_word' id='word_1_463' title='bbox 1483 1828 1515 1852; x_wconf 80' lang='lat' dir='ltr'>et</span> <span class='ocrx_word' id='word_1_464' title='bbox 1538 1823 1631 1853; x_wconf 87' lang='lat' dir='ltr'>hodie</span> <span class='ocrx_word' id='word_1_465' title='bbox 1658 1824 1824 1853; x_wconf 83' lang='lat' dir='ltr'>doctorum</span> 
     </span>
     <span class='ocr_line' id='line_1_72' title="bbox 1098 1866 1823 1906; baseline 0 -11"><span class='ocrx_word' id='word_1_466' title='bbox 1098 1866 1238 1906; x_wconf 84' lang='lat' dir='ltr'>plerique</span> <span class='ocrx_word' id='word_1_467' title='bbox 1259 1876 1377 1895; x_wconf 89' lang='lat' dir='ltr'>omnes.</span> <span class='ocrx_word' id='word_1_468' title='bbox 1425 1866 1644 1896; x_wconf 71' lang='lat' dir='ltr'>Ostendet-unt</span> <span class='ocrx_word' id='word_1_469' title='bbox 1667 1866 1698 1894; x_wconf 85' lang='lat' dir='ltr'>id</span> <span class='ocrx_word' id='word_1_470' title='bbox 1716 1868 1747 1894; x_wconf 74' lang='lat' dir='ltr'>S.</span> <span class='ocrx_word' id='word_1_471' title='bbox 1764 1866 1823 1896; x_wconf 86' lang='lat' dir='ltr'>Pe-</span> 
     </span>
     <span class='ocr_line' id='line_1_73' title="bbox 1099 1907 1823 1947; baseline -0.001 -9"><span class='ocrx_word' id='word_1_472' title='bbox 1099 1909 1176 1938; x_wconf 89' lang='lat' dir='ltr'>titus</span> <span class='ocrx_word' id='word_1_473' title='bbox 1198 1909 1236 1938; x_wconf 85' lang='lat' dir='ltr'>de</span> <span class='ocrx_word' id='word_1_474' title='bbox 1254 1908 1392 1947; x_wconf 78' lang='lat' dir='ltr'>Legibus</span> <span class='ocrx_word' id='word_1_475' title='bbox 1409 1908 1526 1937; x_wconf 86' lang='lat' dir='ltr'>Atticis</span> <span class='ocrx_word' id='word_1_476' title='bbox 1548 1919 1577 1947; x_wconf 86' lang='lat' dir='ltr'>p.</span> <span class='ocrx_word' id='word_1_477' title='bbox 1597 1907 1669 1946; x_wconf 82' lang='lat'>267.</span> <span class='ocrx_word' id='word_1_478' title='bbox 1693 1915 1724 1938; x_wconf 87' lang='lat' dir='ltr'>et</span> <span class='ocrx_word' id='word_1_479' title='bbox 1746 1909 1823 1938; x_wconf 85' lang='lat' dir='ltr'>Cor-</span> 
     </span>
     <span class='ocr_line' id='line_1_74' title="bbox 1099 1950 1824 1991; baseline 0.001 -11"><span class='ocrx_word' id='word_1_480' title='bbox 1099 1952 1158 1981; x_wconf 85' lang='lat' dir='ltr'>sin.</span> <span class='ocrx_word' id='word_1_481' title='bbox 1186 1951 1271 1980; x_wconf 86' lang='lat' dir='ltr'>Fast.</span> <span class='ocrx_word' id='word_1_482' title='bbox 1298 1951 1367 1980; x_wconf 81' lang='lat' dir='ltr'>Att.</span> <span class='ocrx_word' id='word_1_483' title='bbox 1400 1950 1460 1979; x_wconf 72' lang='lat' dir='ltr'>vol.</span> <span class='ocrx_word' id='word_1_484' title='bbox 1488 1960 1515 1979; x_wconf 85' lang='lat'>2.</span> <span class='ocrx_word' id='word_1_485' title='bbox 1545 1961 1573 1989; x_wconf 92' lang='lat' dir='ltr'>p.</span> <span class='ocrx_word' id='word_1_486' title='bbox 1603 1959 1684 1991; x_wconf 58' lang='lat'>1397</span> <span class='ocrx_word' id='word_1_487' title='bbox 1709 1957 1740 1980; x_wconf 87' lang='lat' dir='ltr'>et</span> <span class='ocrx_word' id='word_1_488' title='bbox 1767 1961 1824 1981; x_wconf 90' lang='lat' dir='ltr'>nos</span> 
     </span>
     <span class='ocr_line' id='line_1_75' title="bbox 1101 1992 1825 2032; baseline 0.001 -10"><span class='ocrx_word' id='word_1_489' title='bbox 1101 1994 1183 2024; x_wconf 88' lang='lat' dir='ltr'>idem</span> <span class='ocrx_word' id='word_1_490' title='bbox 1207 2003 1336 2032; x_wconf 82' lang='lat' dir='ltr'>agemus</span> <span class='ocrx_word' id='word_1_491' title='bbox 1359 1992 1431 2022; x_wconf 85' lang='lat' dir='ltr'>alibi</span> <span class='ocrx_word' id='word_1_492' title='bbox 1453 1992 1598 2022; x_wconf 84' lang='lat' dir='ltr'>tollendis</span> <span class='ocrx_word' id='word_1_493' title='bbox 1619 1993 1712 2022; x_wconf 81' lang='lat' dir='ltr'>variis</span> <span class='ocrx_word' id='word_1_494' title='bbox 1733 1993 1765 2022; x_wconf 87' lang='lat' dir='ltr'>in</span> <span class='ocrx_word' id='word_1_495' title='bbox 1788 2004 1825 2023; x_wconf 87' lang='lat' dir='ltr'>ea</span> 
     </span>
     <span class='ocr_line' id='line_1_76' title="bbox 1099 2035 1824 2066; baseline 0.001 -1"><span class='ocrx_word' id='word_1_496' title='bbox 1099 2046 1133 2066; x_wconf 90' lang='lat' dir='ltr'>re</span> <span class='ocrx_word' id='word_1_497' title='bbox 1149 2035 1409 2065; x_wconf 77' lang='lat' dir='ltr'>dubitationibus.</span> <span class='ocrx_word' id='word_1_498' title='bbox 1458 2035 1592 2064; x_wconf 90' lang='lat' dir='ltr'>Interim</span> <span class='ocrx_word' id='word_1_499' title='bbox 1612 2045 1684 2064; x_wconf 87' lang='lat' dir='ltr'>cum</span> <span class='ocrx_word' id='word_1_500' title='bbox 1702 2035 1762 2065; x_wconf 89' lang='lat' dir='ltr'>illis</span> <span class='ocrx_word' id='word_1_501' title='bbox 1778 2046 1824 2066; x_wconf 89' lang='lat' dir='ltr'>se-</span> 
     </span>
     <span class='ocr_line' id='line_1_77' title="bbox 1100 2078 1820 2116; baseline -0.001 -9"><span class='ocrx_word' id='word_1_502' title='bbox 1100 2079 1228 2116; x_wconf 87' lang='lat' dir='ltr'>quimur</span> <span class='ocrx_word' id='word_1_503' title='bbox 1244 2078 1424 2116; x_wconf 85' lang='lat' dir='ltr'>scriptorem</span> <span class='ocrx_word' id='word_1_504' title='bbox 1442 2079 1480 2107; x_wconf 91' lang='lat' dir='ltr'>de</span> <span class='ocrx_word' id='word_1_505' title='bbox 1492 2078 1555 2107; x_wconf 67' lang='lat' dir='ltr'>Vit.</span> <span class='ocrx_word' id='word_1_506' title='bbox 1571 2087 1617 2107; x_wconf 86' lang='lat'>10.</span> <span class='ocrx_word' id='word_1_507' title='bbox 1632 2078 1705 2106; x_wconf 89' lang='lat' dir='ltr'>Orr.</span> <span class='ocrx_word' id='word_1_508' title='bbox 1719 2088 1748 2116; x_wconf 91' lang='lat' dir='ltr'>p.</span> <span class='ocrx_word' id='word_1_509' title='bbox 1761 2078 1820 2116; x_wconf 87' lang='lat'>845</span> 
     </span>
     <span class='ocr_line' id='line_1_78' title="bbox 1100 2119 1823 2159; baseline 0 -10"><span class='ocrx_word' id='word_1_510' title='bbox 1100 2121 1154 2157; x_wconf 62' lang='lat' dir='ltr'>D„</span> <span class='ocrx_word' id='word_1_511' title='bbox 1179 2120 1232 2159; x_wconf 90' lang='lat' dir='ltr'>qui</span> <span class='ocrx_word' id='word_1_512' title='bbox 1259 2120 1374 2149; x_wconf 84' lang='lat' dir='ltr'>natalis</span> <span class='ocrx_word' id='word_1_513' title='bbox 1399 2120 1475 2148; x_wconf 88' lang='lat' dir='ltr'>anni</span> <span class='ocrx_word' id='word_1_514' title='bbox 1499 2119 1697 2149; x_wconf 82' lang='lat' dir='ltr'>Archontem</span> <span class='ocrx_word' id='word_1_515' title='bbox 1722 2120 1823 2150; x_wconf 81' lang='lat' dir='ltr'>Dexi-</span> 
     </span>
     <span class='ocr_line' id='line_1_79' title="bbox 1100 2162 1823 2201; baseline -0.001 -9"><span class='ocrx_word' id='word_1_516' title='bbox 1100 2163 1211 2192; x_wconf 89' lang='lat' dir='ltr'>theum</span> <span class='ocrx_word' id='word_1_517' title='bbox 1249 2163 1362 2201; x_wconf 78' lang='lat' dir='ltr'>prodit‚</span> <span class='ocrx_word' id='word_1_518' title='bbox 1401 2172 1562 2191; x_wconf 87' lang='lat' dir='ltr'>summum</span> <span class='ocrx_word' id='word_1_519' title='bbox 1600 2162 1823 2201; x_wconf 82' lang='lat' dir='ltr'>magistratum</span> 
     </span>
     <span class='ocr_line' id='line_1_80' title="bbox 1101 2203 1825 2244; baseline 0.001 -10"><span class='ocrx_word' id='word_1_520' title='bbox 1101 2205 1228 2244; x_wconf 83' lang='lat' dir='ltr'>Olymp.</span> <span class='ocrx_word' id='word_1_521' title='bbox 1262 2204 1314 2243; x_wconf 77' lang='lat'>98,</span> <span class='ocrx_word' id='word_1_522' title='bbox 1346 2216 1373 2241; x_wconf 82' lang='lat'>4.</span> <span class='ocrx_word' id='word_1_523' title='bbox 1408 2214 1434 2233; x_wconf 85' lang='lat' dir='ltr'>a.</span> <span class='ocrx_word' id='word_1_524' title='bbox 1470 2204 1528 2234; x_wconf 69' lang='lat'>(¹11.</span> <span class='ocrx_word' id='word_1_525' title='bbox 1561 2203 1634 2242; x_wconf 80' lang='lat'>385.</span> <span class='ocrx_word' id='word_1_526' title='bbox 1690 2205 1825 2235; x_wconf 89' lang='lat' dir='ltr'>Proinde</span> 
     </span>
     <span class='ocr_line' id='line_1_81' title="bbox 1102 2246 1823 2285; baseline -0.001 -8"><span class='ocrx_word' id='word_1_527' title='bbox 1102 2247 1331 2277; x_wconf 85' lang='lat' dir='ltr'>Demosthenes</span> <span class='ocrx_word' id='word_1_528' title='bbox 1354 2257 1452 2284; x_wconf 87' lang='lat' dir='ltr'>quum</span> <span class='ocrx_word' id='word_1_529' title='bbox 1478 2247 1665 2285; x_wconf 87' lang='lat' dir='ltr'>Leptineam</span> <span class='ocrx_word' id='word_1_530' title='bbox 1690 2246 1747 2277; x_wconf 89' lang='lat' dir='ltr'>Or.</span> <span class='ocrx_word' id='word_1_531' title='bbox 1767 2247 1823 2276; x_wconf 83' lang='lat' dir='ltr'>ha-</span> 
     </span>
     <span class='ocr_line' id='line_1_82' title="bbox 1098 2288 1822 2327; baseline 0.001 -9"><span class='ocrx_word' id='word_1_532' title='bbox 1098 2290 1200 2327; x_wconf 80' lang='lat' dir='ltr'>bebat,</span> <span class='ocrx_word' id='word_1_533' title='bbox 1218 2299 1339 2318; x_wconf 86' lang='lat' dir='ltr'>annum</span> <span class='ocrx_word' id='word_1_534' title='bbox 1356 2289 1468 2327; x_wconf 79' lang='lat' dir='ltr'>agebat</span> <span class='ocrx_word' id='word_1_535' title='bbox 1486 2298 1535 2327; x_wconf 83' lang='lat'>30.</span> <span class='ocrx_word' id='word_1_536' title='bbox 1585 2288 1648 2327; x_wconf 92' lang='lat' dir='ltr'>[De</span> <span class='ocrx_word' id='word_1_537' title='bbox 1665 2299 1750 2318; x_wconf 88' lang='grc'>311110</span> <span class='ocrx_word' id='word_1_538' title='bbox 1766 2300 1822 2319; x_wconf 85' lang='lat' dir='ltr'>na-</span> 
     </span>
     <span class='ocr_line' id='line_1_83' title="bbox 1098 2331 1822 2371; baseline 0 -9"><span class='ocrx_word' id='word_1_539' title='bbox 1098 2331 1153 2362; x_wconf 86' lang='lat' dir='ltr'>tali</span> <span class='ocrx_word' id='word_1_540' title='bbox 1168 2331 1391 2361; x_wconf 77' lang='lat' dir='ltr'>Demosthenis</span> <span class='ocrx_word' id='word_1_541' title='bbox 1404 2342 1433 2360; x_wconf 79' lang='lat' dir='ltr'>v.</span> <span class='ocrx_word' id='word_1_542' title='bbox 1454 2331 1577 2371; x_wconf 81' lang='lat' dir='ltr'>Proleg.</span> <span class='ocrx_word' id='word_1_543' title='bbox 1592 2332 1631 2360; x_wconf 87' lang='lat' dir='ltr'>ad</span> <span class='ocrx_word' id='word_1_544' title='bbox 1648 2332 1822 2362; x_wconf 82' lang='lat' dir='ltr'>orationem</span> 
     </span>
     <span class='ocr_line' id='line_1_84' title="bbox 1099 2373 1421 2411; baseline -0.003 -8"><span class='ocrx_word' id='word_1_545' title='bbox 1099 2374 1290 2403; x_wconf 79' lang='lat' dir='ltr'>Midianam.</span> <span class='ocrx_word' id='word_1_546' title='bbox 1309 2374 1346 2402; x_wconf 84' lang='lat' dir='ltr'>G.</span> <span class='ocrx_word' id='word_1_547' title='bbox 1363 2373 1421 2411; x_wconf 90' lang='lat' dir='ltr'>D.]</span> 
     </span>
    </p>

    <p class='ocr_par' dir='ltr' id='par_1_18' title="bbox 1096 2415 1821 2920">
     <span class='ocr_line' id='line_1_85' title="bbox 1140 2415 1820 2454; baseline -0.001 -9"><span class='ocrx_word' id='word_1_548' title='bbox 1140 2421 1160 2438; x_wconf 71' lang='grc' dir='ltr'>Π</span> <span class='ocrx_word' id='word_1_549' title='bbox 1182 2417 1326 2446; x_wconf 81' lang='lat' dir='ltr'>Eandem</span> <span class='ocrx_word' id='word_1_550' title='bbox 1348 2416 1515 2450; x_wconf 80' lang='lat' dir='ltr'>rationem,</span> <span class='ocrx_word' id='word_1_551' title='bbox 1532 2415 1563 2444; x_wconf 92' lang='lat' dir='ltr'>h.</span> <span class='ocrx_word' id='word_1_552' title='bbox 1577 2425 1603 2445; x_wconf 90' lang='grc'>0.</span> <span class='ocrx_word' id='word_1_553' title='bbox 1621 2415 1725 2454; x_wconf 91' lang='lat' dir='ltr'>ipsum</span> <span class='ocrx_word' id='word_1_554' title='bbox 1743 2416 1820 2445; x_wconf 87' lang='lat' dir='ltr'>Dio-</span> 
     </span>
     <span class='ocr_line' id='line_1_86' title="bbox 1098 2458 1821 2498; baseline 0 -10"><span class='ocrx_word' id='word_1_555' title='bbox 1098 2459 1225 2498; x_wconf 85' lang='lat' dir='ltr'>nysium</span> <span class='ocrx_word' id='word_1_556' title='bbox 1252 2458 1539 2493; x_wconf 78' lang='lat' dir='ltr'>Halicarnasseum‚</span> <span class='ocrx_word' id='word_1_557' title='bbox 1565 2459 1707 2496; x_wconf 84' lang='lat' dir='ltr'>sequitur</span> <span class='ocrx_word' id='word_1_558' title='bbox 1730 2458 1821 2488; x_wconf 86' lang='lat' dir='ltr'>Ano-</span> 
     </span>
     <span class='ocr_line' id='line_1_87' title="bbox 1099 2498 1821 2541; baseline -0.001 -11"><span class='ocrx_word' id='word_1_559' title='bbox 1099 2511 1225 2541; x_wconf 76' lang='lat' dir='ltr'>nymus,</span> <span class='ocrx_word' id='word_1_560' title='bbox 1257 2511 1351 2539; x_wconf 79' lang='lat' dir='ltr'>quem</span> <span class='ocrx_word' id='word_1_561' title='bbox 1382 2506 1507 2535; x_wconf 82' lang='lat' dir='ltr'>vocant,</span> <span class='ocrx_word' id='word_1_562' title='bbox 1538 2501 1571 2529; x_wconf 91' lang='lat' dir='ltr'>in</span> <span class='ocrx_word' id='word_1_563' title='bbox 1603 2498 1821 2538; x_wconf 78' lang='grc' dir='ltr'>Ὀλυμπιάδων</span> 
     </span>
     <span class='ocr_line' id='line_1_88' title="bbox 1099 2542 1820 2583; baseline -0.003 -10"><span class='ocrx_word' id='word_1_564' title='bbox 1099 2543 1264 2583; x_wconf 76' lang='grc' dir='ltr'>ἀναγραφῇ</span> <span class='ocrx_word' id='word_1_565' title='bbox 1294 2554 1322 2582; x_wconf 86' lang='lat' dir='ltr'>p.</span> <span class='ocrx_word' id='word_1_566' title='bbox 1352 2542 1424 2581; x_wconf 75' lang='lat'>326.</span> <span class='ocrx_word' id='word_1_567' title='bbox 1476 2543 1702 2582; x_wconf 79' lang='lat' dir='ltr'>[Anonymum</span> <span class='ocrx_word' id='word_1_568' title='bbox 1730 2542 1820 2572; x_wconf 89' lang='lat' dir='ltr'>illum</span> 
     </span>
     <span class='ocr_line' id='line_1_89' title="bbox 1099 2585 1818 2623; baseline -0.001 -9"><span class='ocrx_word' id='word_1_569' title='bbox 1099 2586 1190 2616; x_wconf 84' lang='lat' dir='ltr'>hodie</span> <span class='ocrx_word' id='word_1_570' title='bbox 1229 2585 1303 2615; x_wconf 80' lang='lat' dir='ltr'>satis</span> <span class='ocrx_word' id='word_1_571' title='bbox 1347 2591 1469 2615; x_wconf 82' lang='lat' dir='ltr'>constat</span> <span class='ocrx_word' id='word_1_572' title='bbox 1513 2585 1705 2623; x_wconf 77' lang='lat' dir='ltr'>Scaligerum</span> <span class='ocrx_word' id='word_1_573' title='bbox 1742 2595 1818 2614; x_wconf 89' lang='lat' dir='ltr'>esse.</span> 
     </span>
     <span class='ocr_line' id='line_1_90' title="bbox 1100 2627 1820 2666; baseline 0 -10"><span class='ocrx_word' id='word_1_574' title='bbox 1100 2629 1139 2658; x_wconf 88' lang='lat' dir='ltr'>G.</span> <span class='ocrx_word' id='word_1_575' title='bbox 1169 2628 1409 2666; x_wconf 78' lang='lat' dir='ltr'>DINDORF.]</span> <span class='ocrx_word' id='word_1_576' title='bbox 1459 2628 1512 2656; x_wconf 83' lang='lat' dir='ltr'>Ab</span> <span class='ocrx_word' id='word_1_577' title='bbox 1538 2637 1575 2656; x_wconf 87' lang='lat' dir='ltr'>ea</span> <span class='ocrx_word' id='word_1_578' title='bbox 1600 2627 1724 2665; x_wconf 83' lang='lat' dir='ltr'>longius</span> <span class='ocrx_word' id='word_1_579' title='bbox 1754 2627 1820 2656; x_wconf 79' lang='lat' dir='ltr'>abit</span> 
     </span>
     <span class='ocr_line' id='line_1_91' title="bbox 1099 2669 1819 2709; baseline -0.004 -9"><span class='ocrx_word' id='word_1_580' title='bbox 1099 2671 1232 2701; x_wconf 86' lang='lat' dir='ltr'>Photius</span> <span class='ocrx_word' id='word_1_581' title='bbox 1254 2671 1286 2700; x_wconf 89' lang='lat' dir='ltr'>in</span> <span class='ocrx_word' id='word_1_582' title='bbox 1303 2670 1378 2708; x_wconf 87' lang='grc'>1000,</span> <span class='ocrx_word' id='word_1_583' title='bbox 1395 2680 1487 2709; x_wconf 88' lang='lat' dir='ltr'>quem</span> <span class='ocrx_word' id='word_1_584' title='bbox 1507 2669 1652 2707; x_wconf 78' lang='lat' dir='ltr'>exscripsi</span> <span class='ocrx_word' id='word_1_585' title='bbox 1675 2669 1707 2698; x_wconf 91' lang='lat' dir='ltr'>in</span> <span class='ocrx_word' id='word_1_586' title='bbox 1725 2669 1819 2698; x_wconf 86' lang='lat' dir='ltr'>Com-</span> 
     </span>
     <span class='ocr_line' id='line_1_92' title="bbox 1097 2711 1818 2752; baseline -0.004 -10"><span class='ocrx_word' id='word_1_587' title='bbox 1097 2720 1195 2743; x_wconf 86' lang='lat' dir='ltr'>ment.</span> <span class='ocrx_word' id='word_1_588' title='bbox 1226 2714 1265 2742; x_wconf 82' lang='lat' dir='ltr'>ad</span> <span class='ocrx_word' id='word_1_589' title='bbox 1295 2724 1325 2752; x_wconf 91' lang='lat' dir='ltr'>p.</span> <span class='ocrx_word' id='word_1_590' title='bbox 1350 2722 1424 2751; x_wconf 73' lang='lat'>457,</span> <span class='ocrx_word' id='word_1_591' title='bbox 1447 2722 1471 2741; x_wconf 91' lang='lat'>1.</span> <span class='ocrx_word' id='word_1_592' title='bbox 1521 2711 1608 2740; x_wconf 85' lang='lat' dir='ltr'>Nihil</span> <span class='ocrx_word' id='word_1_593' title='bbox 1639 2717 1745 2740; x_wconf 86' lang='lat' dir='ltr'>tamen</span> <span class='ocrx_word' id='word_1_594' title='bbox 1777 2711 1818 2740; x_wconf 87' lang='lat' dir='ltr'>ibi</span> 
     </span>
     <span class='ocr_line' id='line_1_93' title="bbox 1097 2751 1819 2794; baseline -0.004 -9"><span class='ocrx_word' id='word_1_595' title='bbox 1097 2756 1327 2794; x_wconf 86' lang='lat' dir='ltr'>corrigendum,</span> <span class='ocrx_word' id='word_1_596' title='bbox 1344 2755 1404 2784; x_wconf 91' lang='lat' dir='ltr'>nisi</span> <span class='ocrx_word' id='word_1_597' title='bbox 1420 2754 1526 2784; x_wconf 82' lang='lat' dir='ltr'>forsan</span> <span class='ocrx_word' id='word_1_598' title='bbox 1543 2751 1638 2782; x_wconf 81' lang='grc' dir='ltr'>πέντε</span> <span class='ocrx_word' id='word_1_599' title='bbox 1654 2753 1703 2782; x_wconf 80' lang='grc' dir='ltr'>καὶ</span> <span class='ocrx_word' id='word_1_600' title='bbox 1722 2754 1819 2783; x_wconf 69' lang='grc' dir='ltr'>εἴκοσι</span> 
     </span>
     <span class='ocr_line' id='line_1_94' title="bbox 1096 2795 1818 2835; baseline -0.004 -8"><span class='ocrx_word' id='word_1_601' title='bbox 1096 2796 1254 2835; x_wconf 73' lang='grc' dir='ltr'>’γεγονότα</span> <span class='ocrx_word' id='word_1_602' title='bbox 1275 2797 1344 2833; x_wconf 84' lang='grc' dir='ltr'>ἔτη,</span> <span class='ocrx_word' id='word_1_603' title='bbox 1364 2797 1412 2826; x_wconf 76' lang='lat' dir='ltr'>vel</span> <span class='ocrx_word' id='word_1_604' title='bbox 1434 2807 1474 2826; x_wconf 88' lang='lat' dir='ltr'>ne</span> <span class='ocrx_word' id='word_1_605' title='bbox 1494 2797 1553 2825; x_wconf 86' lang='lat' dir='ltr'>hoc</span> <span class='ocrx_word' id='word_1_606' title='bbox 1573 2795 1709 2835; x_wconf 90' lang='lat' dir='ltr'>quidem.</span> <span class='ocrx_word' id='word_1_607' title='bbox 1757 2796 1818 2824; x_wconf 85' lang='lat' dir='ltr'>Er-</span> 
     </span>
     <span class='ocr_line' id='line_1_95' title="bbox 1098 2838 1818 2876; baseline -0.001 -7"><span class='ocrx_word' id='word_1_608' title='bbox 1098 2840 1175 2870; x_wconf 76' lang='lat' dir='ltr'>roris</span> <span class='ocrx_word' id='word_1_609' title='bbox 1202 2850 1311 2870; x_wconf 81' lang='lat' dir='ltr'>caussa</span> <span class='ocrx_word' id='word_1_610' title='bbox 1335 2839 1503 2869; x_wconf 87' lang='lat' dir='ltr'>manifesta</span> <span class='ocrx_word' id='word_1_611' title='bbox 1529 2844 1575 2868; x_wconf 85' lang='lat' dir='ltr'>est</span> <span class='ocrx_word' id='word_1_612' title='bbox 1597 2847 1637 2867; x_wconf 81' lang='lat' dir='ltr'>ex</span> <span class='ocrx_word' id='word_1_613' title='bbox 1664 2838 1714 2872; x_wconf 87' lang='lat' dir='ltr'>iis,</span> <span class='ocrx_word' id='word_1_614' title='bbox 1738 2847 1818 2876; x_wconf 89' lang='lat' dir='ltr'>quae</span> 
     </span>
     <span class='ocr_line' id='line_1_96' title="bbox 1098 2879 1788 2920; baseline -0.006 -8"><span class='ocrx_word' id='word_1_615' title='bbox 1098 2883 1190 2912; x_wconf 83' lang='lat' dir='ltr'>modo</span> <span class='ocrx_word' id='word_1_616' title='bbox 1205 2883 1244 2912; x_wconf 84' lang='lat' dir='ltr'>de</span> <span class='ocrx_word' id='word_1_617' title='bbox 1258 2882 1491 2920; x_wconf 81' lang='lat' dir='ltr'>computatione</span> <span class='ocrx_word' id='word_1_618' title='bbox 1507 2879 1651 2920; x_wconf 86' lang='lat' dir='ltr'>Dionysii</span> <span class='ocrx_word' id='word_1_619' title='bbox 1670 2880 1788 2910; x_wconf 87' lang='lat' dir='ltr'>monui.</span> 
     </span>
    </p>
   </div>
  </div>
 </body>
</html>
