1997 3256
330 148 412 188 630
631 149 722 189 FR.
745 151 800 189 Α.
828 150 1054 189 WOLFII
1089 151 1544 192 PROLEGOMENA

330 248 467 288 dinem
504 254 754 289 coercerent.
817 250 881 288 De
916 249 980 288 his
1016 249 1235 289 dicendum
1269 255 1333 290 est
1365 250 1509 290 nobis:
1554 250 1626 289 sed
1662 249 1845 290 dicemus

329 304 513 344 breviter
534 310 575 344 et
596 305 911 345 accommodate
932 305 984 344 ad
1007 306 1209 345 orationis
1230 306 1352 359 hujus
1374 305 1703 360 intelligentiam.

387 360 566 400 Cautum
596 360 724 414 igitm
754 367 845 400 erat
874 361 1064 414 pr‚i1num
1094 376 1145 401 ne
1174 362 1265 414 quis
1296 362 1429 415 legem
1459 367 1671 415 ieceptam
1698 361 1845 401 1011010

328 421 577 461 conaietur3
612 431 713 456 neve
741 422 886 470 ageret
914 417 1170 471 abmgando
1203 418 1454 471 delmogando
1483 417 1737 472 obl-ogando
1768 416 1846 456 nisi

328 471 526 511 continuo
560 472 653 512 novi
689 473 787 526 (uid
824 479 1077 527 surlogalet.
1140 473 1245 512 Tum
1282 473 1472 513 similiter
1507 488 1556 521 01
1589 488 1659 526 qui
1696 486 1845 512 novam

328 527 459 581 legem
490 528 652 569 ferebat
686 533 879 582 leceptae
910 530 1176 573 coum-‘auant
1210 530 1263 569 ab
1299 530 1376 568 hoc
1410 529 1529 569 initio
1560 534 1652 569 erat
1684 528 1846 568 ordien-

232 592 309 630 1531
328 583 438 632 dum,
476 589 523 624 ut
559 589 740 625 veterem
777 585 1009 625 infirmaret
1045 591 1087 625 et
1124 585 1350 625 tollendam
1390 585 1617 624 vinceretn.
1680 584 1847 624 Scilicet

326 639 549 680 noluerunt
576 641 857 681 Athenienses
885 656 959 682 nec
987 655 1137 696 corpus
1168 641 1303 695 legum
1335 655 1504 681 suarum
1529 641 1612 680 ulla
1636 646 1758 694 parte
1786 645 1846 680 te-

325 710 437 735 mere
462 696 658 745 mutilari,
682 712 755 737 nec
777 698 915 751 plures
937 698 988 738 (le
1009 713 1092 738 una
1119 698 1346 751 eademque
1367 711 1411 736 re
1432 697 1543 750 leges
1569 696 1718 744 inesse,
1740 709 1847 749 quae

326 753 534 793 sententia
559 753 750 793 dissonae
777 759 915 793 essent
937 754 998 794 vel
1021 755 1130 794 inter
1156 768 1199 793 se
1222 753 1471 794 contrariae.
1537 753 1605 792 lta
1630 752 1740 792 enim
1761 752 1845 792 vul-

324 822 401 861 gus
425 809 532 861 juris
562 809 754 863 ignarum
787 810 1041 856 conturbari.
1072 816 1114 851 et
1142 810 1287 849 rudem
1319 808 1597 849 innocentiam
1626 823 1651 848 a
1678 807 1846 861 peritio-

326 863 439 904 ribus
479 865 766 905 circumveniri
803 873 845 906 et
886 867 1075 920 opprimi.
1114 880 1247 919 neque
1284 866 1419 919 ipsum
1456 865 1641 918 judicem
1679 878 1847 904 serva-re

326 934 447 972 posse
473 921 779 974 jusjurandum„
808 937 858 961 ex
887 937 967 976 quo
1000 923 1250 963 sententiam
1280 923 1387 962 ferre
1416 922 1469 961 ad
1502 921 1762 975 praescripta
1791 920 1845 960 le-

233 984 424 1029 153Qg1nn
450 977 649 1023 deberet3
684 979 874 1018 omnibus
903 979 1088 1019 oblatam
1116 979 1241 1032 plana
1263 979 1360 1031 jura
1388 977 1573 1017 discendi
1600 977 1846 1017 facultatem

327 1033 446 1072 unice
481 1034 701 1074 convenire
736 1034 920 1074 libertati
932 1044 960 1074 0.
1024 1036 1074 1074 In
1111 1050 1192 1088 quo
1228 1035 1359 1074 multo
1396 1034 1449 1073 illi
1486 1034 1608 1073 aliter
1643 1034 1844 1081 fecerunt,

328 1102 452 1141 quain
490 1090 683 1138 Romani,
724 1090 869 1130 callide
905 1091 1116 1144 impeditis
1151 1091 1338 1130 forumlis
1374 1095 1416 1130 et
1450 1090 1609 1143 laqueis
1646 1089 1724 1136 usi,
1764 1103 1846 1142 quo

327 1144 532 1184 diffieilior
556 1145 662 1198 juris
694 1146 870 1186 seientia
899 1146 1032 1187 fieret.
1096 1147 1399 1187 Verumtamen
1426 1160 1553 1199 quum
1581 1145 1692 1185 nullo
1721 1149 1846 1199 pacto

328 1200 432 1240 satis
461 1201 596 1241 caveri
624 1207 766 1255 posset
792 1203 985 1247 Athenis.
1010 1218 1061 1243 ne
1088 1204 1199 1257 leges
1226 1202 1458 1256 irreperent
1487 1203 1721 1253 παρανόμως
1749 1201 1847 1240 scri-

327 1261 452 1309 ptae3
488 1271 785 1311 nonnunquam
804 1259 901 1298 viris
923 1265 1043 1299 extra
1063 1259 1250 1299 ordinem
1273 1259 1443 1298 delectis
1465 1258 1678 1312 negotium
1700 1257 1847 1297 datum

327 1318 391 1352 est
419 1314 740 1367 recognoscendi
769 1329 910 1355 omnes
939 1320 982 1355 et
1011 1315 1243 1355 contrarias
1273 1315 1382 1355 inter
1410 1329 1453 1354 se
1480 1313 1722 1368 seligendip.
1785 1314 1847 1353 Et

327 1369 407 1408 alia
444 1370 672 1423 recognitio
708 1371 844 1424 legum
880 1386 1019 1412 annua
1055 1372 1145 1420 fuit,
1181 1372 1232 1410 de
1268 1386 1349 1424 qua
1384 1370 1521 1424 paullo
1553 1374 1650 1423 post
1683 1369 1845 1409 dicendi

328 1424 442 1464 loeus
464 1425 556 1464 erit.

369 1529 387 1545 11
421 1525 493 1553 vid.
527 1525 617 1554 Orat.
653 1535 679 1562 μ.
708 1527 778 1563 484.
809 1533 840 1556 et
868 1526 939 1564 486.
988 1528 1047 1557 Sed

327 1567 490 1604 subjiciam
508 1567 558 1596 hic
579 1568 684 1597 statim
707 1568 806 1607 legem
826 1579 865 1599 ex
884 1569 1046 1599 Deinostli.

329 1609 527 1640 Tiniocmtea
567 1621 596 1649 p.
636 1618 705 1648 710.
769 1611 837 1640 Etsi
875 1622 911 1641 ea
949 1612 1049 1641 oratio

1116 1529 1214 1557 lucum
1235 1529 1347 1557 veleris
1369 1532 1397 1557 et
1421 1528 1635 1565 repmliamlae
1650 1528 1845 1565 ponendam,

1120 1570 1188 1599 Lat.
1222 1570 1281 1607 leyz'
1313 1571 1487 1607 0h1·oyare;
1520 1579 1582 1607 quo
1611 1576 1642 1598 et
1673 1568 1842 1598 ἀντιθεῖναι

1118 1612 1262 1650 pei-tinet.
1312 1612 1457 1650 Denique
1483 1610 1570 1641 λύειν
1597 1609 1704 1648 νόμον,
1734 1613 1843 1642 dissol-

327 1657 393 1680 tota
420 1653 634 1691 cognoscenda
660 1659 717 1689 est,
744 1654 768 1683 si
796 1654 865 1692 quis
893 1654 1047 1683 rationein

326 1693 431 1733 legum
445 1695 528 1732 apud
542 1694 755 1725 Athenienses
771 1702 915 1726 accurate
931 1697 1048 1726 discere

326 1736 412 1765 velit.
459 1737 637 1766 Accusatur
669 1738 710 1766 ibi
741 1748 759 1767 a
790 1738 930 1768 Diodoro
959 1739 1049 1777 (nam

327 1779 401 1808 huie
431 1780 546 1818 scripta
581 1778 643 1818 est)
674 1780 723 1808 vir
753 1780 829 1819 legis
858 1781 1050 1819 perniciosae

327 1820 416 1858 lator,
443 1822 546 1851 adhue
576 1821 688 1859 ἔνοχος
718 1822 760 1851 ὢν
789 1824 831 1862 τῇ
860 1825 968 1862 ’γραφῇ
1000 1824 1049 1853 καὶ

326 1863 465 1902 τιμωρίᾳ,
485 1864 516 1892 111
540 1874 602 1902 quo
623 1874 737 1902 genere
759 1865 836 1895 haec
856 1876 920 1894 una
941 1876 1049 1895 caussa

326 1916 363 1934 ex
402 1907 592 1945 antiquitate
629 1914 779 1945 superest.
830 1907 933 1937 Verba
972 1908 1048 1947 legis

326 1947 401 1977 haee
425 1955 520 1978 sunt:
544 1950 612 1977 Τῶν
632 1947 733 1985 νόμων
753 1951 815 1979 τῶν
836 1948 984 1986 κειμένων
1005 1950 1047 1987 μὴ

326 1990 435 2027 ἐξεῖναι
457 1991 550 2020 λῦσαι
573 1989 700 2027 μηδένα,
724 1991 777 2021 ἐὰν
797 1991 839 2028 μὴ
865 1993 898 2021 ἐν
921 1991 1047 2029 νομοθέ-

325 2042 403 2062 ταις·
428 2031 503 2061 τότε
527 2034 551 2062 δ’
577 2033 686 2070 ἐξεῖναι
712 2036 756 2071 τῷ
781 2032 962 2072 βουλομένῳ
985 2037 1048 2064 τῶν

325 2074 494 2110 Ἀθηναιων
515 2074 612 2112 λύειν,
631 2074 738 2113 ἕτερόν
759 2088 789 2105 τι
811 2076 927 2106 τιθέντι
952 2077 1046 2116 (coir-

326 2115 434 2154 ἕτερον
469 2116 671 2155 ἀντιτιθέντι)
702 2117 765 2146 ἀνθ’
798 2118 871 2148 ὅτου
907 2118 944 2147 ἂν
975 2118 1045 2159 λύη.

327 2158 583 2198 Διαχειροτονιαν
609 2157 640 2189 δὲ
665 2171 764 2189 ποιειν
786 2160 859 2190 τοὺς
883 2151 1048 2200 προέδρους

326 2212 394 2239 περι
415 2213 536 2231 ΤΟυΤων
556 2204 619 2231 Τῶν
638 2199 748 2239 νόμων,
766 2204 889 2242 πρῶΤΟῘΙ
907 2202 965 2240 μὲν
981 2204 1048 2239 περι

326 2255 382 2272 του
399 2242 550 2280 κειμένου,
570 2243 596 2273 εἴ
615 2244 702 2273 δοκε
674 2255 697 2272 ει
720 2244 892 2280 ἐπιτήδειος
913 2250 987 2274 εἶναι
1005 2248 1050 2283 τῷ

326 2284 411 2323 δήμῳ
438 2288 501 2315 τῶν
525 2284 703 2323 Ἀθηναιων,
729 2287 748 2322 ἢ
776 2288 822 2316 οὔ·
847 2287 955 2317 ἔπειτα
981 2288 1049 2341 περὶ

326 2329 383 2356 τοῦ
402 2326 573 2365 τιθεμένου·
599 2326 751 2368 ὁπότερον
768 2331 792 2358 δ
811 2342 847 2359 αν
866 2329 1048 2369 χειροτονή-

327 2381 425 2400 σωσιν
448 2383 475 2400 οι
498 2370 670 2408 νομοθέται,
693 2373 807 2401 τοῦτον
831 2371 934 2411 κύριον
959 2371 1045 2402 εἶναι.

325 2412 486 2442 Ἐναντιον
502 2413 534 2442 δὲ
552 2413 646 2450 νόμον
664 2414 706 2451 μὴ
724 2415 833 2451 ἐξειναι
852 2413 968 2444 τιθέναι
985 2417 1048 2445 τῶν

326 2453 426 2491 νόμων
442 2458 506 2485 τῶν
522 2455 670 2493 κειμένων
686 2456 803 2494 μηδενί.
851 2457 923 2486 Ἐὰν
940 2455 974 2486 δέ
989 2469 1046 2493 τις,

325 2496 425 2528 λύσας
441 2498 510 2528 τινὰ
526 2501 588 2528 τῶν
605 2499 705 2537 νόμων
721 2501 783 2528 τῶν
800 2498 959 2536 κειμένων,
978 2499 1045 2529 ἓτε-

325 2552 379 2578 ρον
400 2540 540 2581 ἀντιτιθῆ
558 2541 600 2578 μὴ
624 2541 799 2577 ἐπιτήδειον
819 2544 863 2580 τῷ
879 2541 1048 2578 Ἀθηναίων

325 2581 420 2620 δήμῳ,
446 2583 464 2619 ἢ
489 2596 560 2613 εναι
564 2596 629 2614 τιον
657 2586 719 2614 τῶν
742 2583 890 2621 κειμένων
912 2597 967 2622 τῳ,
991 2585 1047 2615 τὰς

324 2625 446 2663 Ἷραφὰς
464 2625 538 2656 εἶναι
559 2628 628 2656 κατ’
646 2628 741 2657 αὐτοῦ
763 2627 842 2656 κατὰ
863 2627 920 2657 τὸν
941 2626 1045 2664 νόμον,

324 2668 357 2697 ὃς
376 2669 486 2703 κεῖται
505 2668 558 2698 ἐάν
573 2681 620 2700 τις
636 2670 678 2707 μὴ
696 2669 871 2705 ἐπιτηδειον
890 2672 926 2710 θῇ
943 2668 1046 2707 νόμον.

326 2711 426 2740 Simul
451 2717 602 2741 notentui
625 2714 674 2742 foi
677 2723 730 2742 1111
733 2712 781 2742 lae
805 2712 923 2751 aliquot
949 2725 969 2742 s«
965 2713 1049 2743 01011-

326 2763 390 2781 ues.
438 2753 541 2790 Νόμος
562 2753 674 2793 κύριος,
696 2757 746 2785 lenz¹
767 2757 826 2784 ‘rite
846 2756 981 2793 perlata,
1000 2765 1047 2785 re-

326 2800 426 2832 cepta,
449 2797 588 2826 ominem·
601 2809 612 2831 ‚·
638 2804 748 2827 contra
766 2797 888 2836 ἄκυρος,
907 2808 967 2826 usu
987 2808 1046 2826 mm

327 2838 463 2867 ‚stabilita
476 2851 484 2866 .·
503 2838 674 2874 ἐπιτήδειος
690 2841 731 2879 τῇ
747 2838 850 2875 πόλει,
868 2840 958 2876 bona,
974 2850 1047 2878 pro-

328 2880 447 2914 babilis,
472 2881 599 2919 ideoque
620 2883 761 2919 jubenda
777 2895 788 2912 .·
815 2879 971 2920 εἰσφέρειν
998 2880 1047 2910 νό-

326 2932 395 2958 μον,
417 2933 527 2958 roslare
550 2925 642 2961 leyen]
666 2931 721 2954 aut
736 2925 854 2961 ferre,-
879 2921 1048 2961 παρεισφέ-

326 2975 388 2997 ρειν
413 2975 464 2993 seu
491 2964 718 3004 ἀντεισφέρειν,
739 2977 849 3003 νημαι-Γ
874 2977 995 3001 novum,
1017 2968 1046 2994 in

1119 1665 1187 1684 rere
1209 1656 1314 1692 leyem,
1341 1654 1388 1683 vel
1411 1656 1449 1684 de
1469 1655 1597 1692 populo,
1620 1654 1669 1684 vel
1691 1655 1729 1684 de
1751 1664 1843 1692 roya-

1117 1701 1203 1726 ἰοῦ-0.·
1232 1696 1322 1726 liceat
1352 1697 1437 1726 enini
1469 1697 1559 1726 nobis
1590 1696 1752 1726 interdum
1784 1697 1845 1726 hac

1117 1749 1190 1768 voce
1215 1739 1305 1777 prisci
1331 1739 1426 1768 moris
1451 1738 1557 1768 Latini
1582 1739 1628 1768 uti
1653 1740 1691 1769 de
1714 1749 1764 1774 eo,
1787 1739 1842 1778 qui

1117 1782 1313 1820 rogationem
1330 1782 1391 1811 sert
1412 1782 1450 1810 ad
1468 1781 1631 1820 populum.

1159 1829 1176 1845 o
1202 1824 1273 1853 vid.
1299 1824 1391 1853 Orat.
1420 1834 1449 1862 p.
1476 1824 1548 1862 485.
1608 1823 1842 1854 Tinmorateam

1117 1866 1250 1905 siugulis
1266 1866 1299 1895 in
1316 1866 1388 1895 locis
1404 1866 1500 1895 citare
1516 1865 1595 1894 nihil
1612 1876 1690 1904 opus
1705 1873 1762 1896 est.

1159 1913 1176 1936 1)
1205 1909 1253 1938 De
1280 1908 1334 1938 tali
1365 1909 1578 1947 recognitione
1604 1908 1722 1947 accipio
1749 1907 1842 1939 Orat.

1118 1961 1146 1989 p.
1165 1952 1227 1988 484
1243 1962 1279 1987 s.,
1297 1961 1479 1990 quanquam
1500 1961 1548 1980 res
1569 1950 1630 1980 alio
1646 1957 1726 1980 teste
1747 1956 1842 1981 caret.

1120 1993 1185 2022 Nec.
1202 1994 1266 2032 ipse
1284 1993 1335 2022 hic
1351 1993 1438 2023 locus
1455 1993 1680 2023 Demosthenis
1696 1994 1734 2022 ab
1757 1994 1845 2022 omni

1118 2042 1205 2074 purte
1236 2036 1338 2065 clarus
1370 2042 1425 2065 est.
1485 2035 1530 2065 Ut
1562 2035 1641 2064 nihil
1671 2035 1774 2065 dicam
1805 2037 1844 2065 de

1119 2078 1213 2107 verbo
1239 2078 1463 2116 χειροτονεῖτε,
1489 2078 1571 2116 quod
1601 2078 1634 2106 in
1664 2078 1842 2107 Comment.

1116 2120 1246 2153 notavi3
1272 2120 1345 2158 quid
1373 2119 1425 2148 illa
1453 2120 1509 2148 sibi
1536 2119 1658 2156 volunt,
1687 2120 1735 2148 ἐπὶ
1760 2117 1843 2157 ποίμ-

1117 2167 1216 2190 πολυν
1240 2162 1298 2197 ἤδη
1323 2161 1468 2200 χρόνονῗ
1496 2162 1551 2190 An
1579 2162 1656 2192 haec
1679 2162 1844 2192 trahamus

1117 2205 1155 2232 ad
1182 2211 1305 2243 tempus
1332 2204 1581 2241 recognitoribus
1604 2206 1643 2233 ad
1669 2205 1843 2243 gerendam

1117 2256 1183 2275 rem
1207 2256 1388 2276 concessum
1403 2249 1416 2276 Ρ
1449 2246 1575 2276 Abnuit
1599 2247 1721 2284 adjecta
1746 2247 1844 2284 parti—

1116 2288 1186 2317 cula
1209 2288 1278 2323 ἤδη.
1327 2289 1368 2318 Et
1392 2294 1505 2318 notum
1528 2294 1575 2318 est
1598 2288 1768 2317 formulam
1793 2288 1842 2318 ἐπὶ

1116 2330 1217 2360 πολὺν
1239 2329 1355 2369 χρόνον
1377 2331 1500 2369 saepius
1523 2331 1606 2369 apud
1630 2331 1753 2361 Atticos
1777 2341 1843 2361 esse

1114 2383 1172 2411 per
1200 2374 1323 2411 lotz-(sum
1356 2378 1477 2411 tempus
1504 2379 1535 2402 et
1562 2373 1611 2402 ἐπὶ
1637 2372 1753 2412 χρόνον
1781 2375 1841 2403 ali-

1115 2416 1275 2454 quamdiu.
1325 2416 1374 2445 Ita
1400 2415 1552 2445 Aeschin.
1580 2416 1612 2444 in
1645 2415 1783 2454 Ctesiph.
1810 2426 1841 2455 p.

1115 2459 1178 2494 428
1204 2460 1238 2487 (ἶ.
1268 2459 1306 2487 (10
1337 2458 1490 2497 strategis
1520 2458 1686 2497 queritur:
1722 2458 1751 2487 οἱ
1781 2458 1838 2487 ἐπὶ

1115 2499 1237 2530 πολὺν
1263 2500 1330 2536 ἤδη
1359 2499 1498 2537 χρόνον
1523 2501 1748 2539 συνεργοῦντες
1774 2499 1841 2530 τισὶ

1116 2545 1179 2572 τῶν
1200 2541 1338 2582 ρητόρων
1360 2542 1562 2580 λυμαίνονται
1585 2544 1645 2578 τὴν
1665 2541 1838 2572 πολιτείαν.

1117 2586 1162 2615 At
1194 2597 1257 2614 11011
1296 2586 1403 2614 miuus
1433 2595 1472 2615 ex
1502 2586 1560 2615 hac
1594 2585 1715 2615 ratione
1746 2585 1841 2615 verba

1113 2629 1230 2667 junges
1246 2638 1317 2657 cuni
1335 2628 1498 2666 participio
1514 2626 1723 2665 διαλέξοντας.
1747 2627 1842 2665 [Om-

1119 2681 1171 2700 nes
1188 2670 1246 2700 hac
1260 2671 1368 2699 Wolfii
1382 2670 1594 2699 dubitationes
1612 2676 1749 2699 remotae
1765 2675 1842 2699 sunt

1116 2713 1149 2741 in
1165 2713 1371 2742 annotatione
1387 2713 1424 2741 ad
1442 2713 1553 2750 p.484‚
1564 2712 1612 2741 28.
1640 2711 1732 2748 Quae
1749 2711 1782 2740 in
1795 2721 1841 2741 se-

1116 2755 1285 2794 quentibus
1309 2756 1347 2784 de
1371 2754 1476 2793 legum
1501 2755 1754 2792 abrogandarum
1781 2764 1839 2783 no·

1117 2807 1292 2836 varumque
1308 2797 1508 2826 ferendarum
1525 2796 1646 2826 ratione
1662 2795 1742 2825 dixit
1755 2795 1840 2825 Wol-

1117 2840 1176 2869 fius
1204 2839 1319 2878 partim
1347 2839 1531 2877 corrigenda
1558 2844 1634 2868 sunt
1658 2848 1697 2868 ex
1723 2837 1838 2867 Schoe-

1116 2882 1224 2910 manui
1252 2881 1466 2920 disputatione
1491 2881 1529 2910 de
1552 2881 1656 2910 comit.
1684 2891 1713 2919 p.
1733 2878 1839 2917 265——

1119 2923 1188 2952 268.
1213 2930 1244 2953 et
1269 2923 1380 2962 Antiq.
1409 2923 1493 2962 publ.
1523 2934 1551 2962 p·
1572 2930 1643 2961 ²²7·
1681 2923 1719 2951 G.
1741 2922 1841 2951 DIN-

1120 2966 1272 3003 Domi]
