1997 3256
439 157 762 199 ADVERSUS
796 158 1293 200 ARISTOGITONEM
1328 160 1360 200 I.
1554 162 1662 206 1019

149 261 246 303 Diu.
269 275 309 317 p.
334 262 400 302 88.
452 268 600 304 ornate
628 268 883 318 exaggerata
913 263 954 303 in
977 265 1099 304 Dein.
1121 278 1180 304 or.
1204 280 1242 319 p.
1268 276 1362 318 799.
1385 265 1474 306 coll.
1496 281 1537 320 p.
1561 277 1657 319 771.

150 319 267 370 Quae
301 333 396 359 cum
431 319 491 359 ita
527 320 626 369 sint,
662 321 730 360 vix
765 334 830 360 me
863 320 1055 360 contineo
1092 321 1191 374 quin
1223 321 1350 361 etiam
1382 322 1518 362 verbis
1554 337 1661 376 quae

147 374 344 430 leguntur
374 376 485 430 apud
506 376 710 416 Dinarch.
733 392 773 430 p.
800 388 864 429 79.
918 379 987 416 ἐὰν
1021 378 1094 427 μὲν
1120 378 1228 427 ἡμεῖς
1261 379 1297 417 οἱ
1333 378 1539 430 κατήγοροι
1571 379 1662 418 δέκα

148 433 259 474 ὄντες
279 432 323 471 τὸ
345 434 443 483 ὕδωρ
466 434 733 484 ἀναλώσωμεν
753 434 857 472 ἅπαν
881 451 911 472 κ.
927 450 958 472 τ.
977 439 1015 472 λ.
1075 433 1295 486 deceptum
1325 439 1539 475 auctorem
1571 449 1662 475 ora·

148 487 275 528 tionis
307 488 657 529 Demosthenicae
689 489 894 528 somnium
933 489 1034 528 illud
1066 489 1117 528 de
1157 490 1395 530 oratoribus
1438 491 1479 529 in
1513 505 1662 531 caussa

147 544 459 599 Aristogitonia
479 545 576 584 olim
598 560 672 599 per
692 545 885 585 endcixin
906 550 1003 585 acta
1029 545 1171 585 electis
1200 546 1427 586 somniasse
1458 547 1656 600 suspicer.

149 600 259 651 Quid
281 600 409 654 igitur
430 601 603 654 impedit
625 616 706 654 quo
727 601 862 640 minus
893 601 1160 655 conjiciamus
1181 602 1338 655 reliqua
1359 616 1464 648 eum,
1488 608 1535 643 ut
1556 617 1662 656 quae

146 657 275 696 refert
297 658 347 697 de
370 657 569 705 Phocide,
591 658 642 697 dc
665 657 916 705 Philocrate,
936 658 986 697 de
1004 658 1259 711 Hegemone,
1279 658 1329 698 de
1353 659 1593 712 Agathone,
1611 659 1662 699 de

147 712 292 760 Zobia,
311 713 394 753 alia
414 727 465 753 ex
483 713 709 767 Hyperidis
731 719 774 754 et
795 713 975 767 Lycurgi
992 713 1253 753 orationibus
1273 714 1546 767 surripuisse?
1570 716 1662 754 Imo

145 769 307 823 longius
338 770 476 823 paullo
505 769 700 824 progredi
728 770 874 810 audeo.
938 768 1144 808 Nimirum
1166 783 1247 823 quo
1267 784 1489 823 personam
1511 770 1663 811 Demo-

147 825 307 865 sthenis
326 831 439 866 recte
461 826 697 872 sustineret,
721 840 804 865 non
835 825 938 866 istos
966 826 1090 865 modo
1117 830 1319 875 oratores,
1343 827 1415 866 sed
1438 825 1541 867 alios
1564 842 1663 881 quo-

146 896 226 935 que
248 882 484 936 scriptores,
508 882 577 937 qui
609 883 660 922 de
682 882 966 922 Demosthene
994 882 1121 921 verba
1151 882 1351 930 facerent,
1374 882 1436 922 vel
1467 882 1500 922 si
1531 883 1662 923 mavis

146 937 281 992 ipsam
316 939 535 979 historiam
568 938 750 978 excussit
777 942 906 991 atquc
934 937 1184 991 compilavit.
1251 939 1321 979 Ita
1346 953 1439 978 cum
1464 938 1506 978 in
1529 939 1662 979 Theo-

145 995 285 1048 pompi
306 995 492 1035 historiis
512 994 694 1048 legisset,
718 996 776 1034 ὅτι
796 999 871 1034 τῶν
890 994 1111 1044 Ἀθηναίων
1131 995 1196 1034 ἐπί
1214 1011 1300 1034 τινα
1319 996 1663 1047 προβαλλομένων

146 1051 265 1091 αὐτὸν
287 1052 533 1102 κατηγορίαν,
557 1052 605 1093 ὡς
627 1051 700 1103 οὐχ
720 1050 887 1100 ὑπήκουε
910 1051 1183 1102 θορυβούντων
1204 1051 1377 1093 ἀναστὰς
1399 1051 1518 1091 εἶπεν·
1555 1054 1663 1102 ὑμεῖς

146 1108 243 1157 ἐμοὶ,
279 1106 309 1146 ὦ
339 1108 475 1158 ἄνδρες
504 1106 719 1157 Ἀθηναῖοι,
746 1109 959 1160 συμβούλῳ
985 1108 1057 1157 μὲν
1089 1106 1160 1146 κᾶν
1193 1107 1244 1157 μὴ
1275 1107 1416 1156 θέλητε
1447 1107 1660 1160 χρήσεσθε,

146 1163 371 1215 συκοφάντῃ
392 1163 422 1203 δ’
447 1164 535 1204 οὐδὲ
565 1165 634 1203 ἐὰν
656 1163 795 1214 θέλητε
811 1164 840 1212 k,
866 1163 908 1202 in
929 1167 1035 1203 orat.
1061 1178 1100 1217 p.
1125 1173 1220 1217 773.
1250 1177 1324 1202 suo
1355 1164 1479 1203 modo
1510 1164 1588 1204 1100
1619 1169 1662 1205 et

144 1219 380 1269 artificiose,
413 1234 662 1274 quanquam,
690 1224 738 1260 ut
768 1219 1060 1267 demonstravi,
1092 1219 1258 1259 incaute
1287 1224 1329 1259 et
1356 1219 1661 1261 inconsiderate

146 1291 241 1316 cum
262 1276 504 1317 Dinarchea
525 1275 734 1316 sententia
755 1276 1070 1330 conglutinavit.
1120 1276 1229 1315 Item
1250 1291 1289 1330 p.
1315 1277 1408 1327 782.
1434 1276 1475 1315 in
1496 1291 1662 1331 eompa-

144 1333 308 1373 ratione
336 1347 462 1387 supra
490 1333 577 1387 jam
613 1333 795 1380 laudata,
826 1347 932 1387 quae
960 1337 1025 1372 est
1055 1347 1080 1372 a
1111 1332 1295 1380 canibus,
1318 1332 1424 1385 lupis
1453 1337 1495 1373 et
1516 1333 1662 1373 ovibus

145 1389 382 1444 desumpta,
414 1389 553 1429 nescio
586 1404 640 1429 an
677 1388 925 1443 cogitaverit
958 1389 1009 1428 de
1036 1388 1172 1429 verbis
1200 1388 1414 1428 simillimis
1447 1403 1474 1429 a
1506 1391 1662 1429 Demo-

146 1446 306 1494 sthene,
329 1461 422 1486 cum
453 1446 695 1486 Alexander
725 1445 933 1499 principes
967 1450 1183 1485 oratorum
1213 1444 1323 1485 tradi
1353 1445 1431 1485 sibi
1460 1445 1598 1499 jussit,
1620 1446 1662 1485 in

146 1502 344 1543 concione
366 1501 506 1550 dictis,
528 1502 638 1556 quod
670 1502 747 1541 hoc
779 1502 865 1541 fere
895 1501 1019 1541 modo
1040 1501 1219 1542 tradidit
1241 1501 1535 1541 Aristobulus¹
1555 1518 1562 1542 :
1597 1503 1662 1542 ὅτε

148 1560 210 1598 καὶ
230 1559 297 1599 τὸν
318 1560 406 1610 περὶ
425 1562 501 1598 τῶν
522 1558 733 1610 προβάτων
754 1559 878 1610 λόγον
900 1559 920 1597 ὁ
944 1557 1211 1608 Δημοσθένης,
1236 1558 1286 1600 ὡς
1306 1562 1385 1600 τοῖς
1412 1559 1545 1600 λύκοις
1575 1559 1663 1600 τοὺς

148 1616 262 1657 κύνας
296 1616 467 1665 ἐξέδωκε,
502 1614 789 1666 διηγησάμενον
823 1614 942 1654 αὑτὸν
974 1616 1048 1664 μὲν
1081 1615 1213 1654 εἴκασε
1247 1615 1307 1654 καὶ
1340 1614 1427 1656 τοὺς
1458 1615 1531 1655 σὺν
1562 1617 1663 1669 αὑτῷ

147 1672 259 1711 κυσὶν
292 1673 388 1723 ὑπὲρ
419 1675 487 1711 τοῦ
527 1671 645 1721 δήμου
677 1670 925 1723 μαχομένοις,
959 1669 1227 1721 Ἀλέξανδρον
1263 1672 1304 1710 δὲ
1345 1671 1413 1710 τὸν
1450 1672 1664 1711 Μακεδόνα

144 1729 365 1778 μονόλυκον
386 1729 716 1780 προσηγόρευσεν.
781 1727 819 1766 Ν
823 1741 867 1767 ec
895 1726 1024 1765 miror
1046 1726 1296 1766 Theoridem
1318 1727 1535 1767 Lemniam
1557 1727 1663 1781 ejus-

146 1798 226 1837 que
266 1783 511 1838 supplicium
550 1799 575 1824 a
616 1788 840 1837 personato
877 1782 1162 1823 Demosthene
1205 1797 1245 1836 p.
1284 1795 1375 1837 793.
1410 1783 1660 1831 memorari3

146 1840 299 1895 quippe
319 1855 440 1881 verus
454 1841 759 1880 Demosthenes
781 1854 873 1880 eam
893 1843 1164 1880 accusaverat
1183 1839 1392 1893 mortique
1414 1839 1661 1887 tradiderat,

146 1902 193 1937 ut
223 1902 371 1938 narrat
402 1897 676 1937 Philochorus
707 1911 774 1950 ap.
807 1896 1064 1950 Harpocrat.
1086 1910 1116 1936 s.
1140 1911 1174 1935 v.
1199 1899 1362 1947 Θεωρίς·
1395 1896 1443 1936 cf.
1468 1896 1581 1937 Plut.
1606 1897 1662 1937 V.

147 1953 268 1993 Dein.
292 1968 326 1994 c.
350 1966 411 2005 14.
472 1953 663 2007 Denique
695 1952 977 1993 Philocratem
1005 1952 1276 2001 Eleusinium,
1299 1966 1382 1992 non
1413 1953 1664 1993 confunden-

146 2010 245 2050 dum
266 2010 379 2050 illum
401 2024 494 2050 cum
516 2010 718 2064 Agnusio,
742 2024 841 2049 num
862 2010 969 2050 forte
996 2009 1124 2049 habet
1145 2024 1184 2063 p.
1209 2010 1287 2063 783
1312 2023 1373 2063 sq.
1397 2024 1447 2050 ex
1469 2009 1559 2050 loco
1582 2010 1664 2050 De-

145 2067 375 2107 mosthenis
396 2067 446 2106 de
468 2081 622 2107 corona
642 2082 668 2107 a
689 2081 770 2120 quo
791 2065 927 2106 exorsi
949 2067 1116 2106 sumus?

205 2122 286 2163 Sed
303 2124 392 2178 jam
412 2123 507 2163 finis
529 2128 620 2164 esto
641 2122 892 2177 suspicandi.
925 2123 1051 2162 Addo
1072 2126 1239 2162 tantum
1262 2122 1384 2175 quod,
1402 2121 1500 2163 licet
1516 2127 1665 2163 auctor

146 2179 305 2234 primae
346 2180 544 2220 adversus
585 2179 922 2233 Aristogitonem
963 2178 1163 2219 orationis
1204 2193 1287 2218 non
1327 2179 1467 2219 omnia
1507 2184 1666 2219 temere

146 2236 329 2283 finxerit,
360 2237 432 2277 sed
464 2242 653 2277 oratores
687 2240 815 2290 atque
848 2235 1048 2276 historiae
1080 2235 1304 2289 scriptores
1334 2235 1577 2289 plerumque
1604 2250 1665 2276 se-

148 2298 271 2334 cutus
292 2307 382 2333 esse
402 2293 605 2341 videatur,
623 2297 765 2332 tamen
787 2296 1004 2345 suspectus
1026 2296 1090 2332 est
1111 2306 1307 2331 numerus
1327 2292 1539 2332 actionum
1562 2306 1666 2345 quas

146 2349 171 2389 l.
196 2349 221 2389 1.
244 2350 297 2389 ab
320 2349 611 2403 Aristogitone
642 2349 778 2389 illatas
815 2348 891 2387 sibi
929 2362 1018 2387 esse
1046 2348 1197 2400 jactat.
1260 2348 1369 2388 Nam
1405 2347 1484 2388 etsi
1517 2348 1665 2388 damus

150 2406 415 2460 Kiesslingio,
459 2405 570 2459 quod
606 2404 787 2458 conjicit,
829 2403 1005 2444 rationis
1046 2403 1283 2443 reddendae
1325 2404 1429 2443 duas
1477 2404 1665 2444 actiones

148 2468 338 2516 spectare
366 2463 420 2502 ad
452 2462 516 2502 Ol.
541 2474 629 2510 110,
653 2474 691 2514 3.
731 2475 813 2515 quo
844 2464 887 2500 et
917 2459 1104 2500 theorico
1141 2468 1183 2499 et
1206 2460 1414 2499 moenium
1450 2460 1665 2500 refectioni

151 2519 278 2571 (adde
318 2523 361 2559 et
401 2518 460 2559 rei
501 2517 815 2569 frumentariae)
851 2516 1087 2570 praefectus
1131 2521 1235 2564 erat,
1272 2521 1491 2556 remanent
1523 2521 1665 2557 tamen

148 2575 318 2630 ignotae
339 2581 467 2628 atque
489 2574 672 2614 incertae
694 2579 854 2627 septem
875 2573 1073 2613 actiones.
1128 2573 1248 2623 Quod
1269 2577 1366 2612 utut
1387 2577 1463 2620 est,
1486 2577 1666 2627 apparet

148 2632 203 2672 ad
224 2636 389 2685 tempus
410 2631 495 2671 litis
517 2632 604 2684 ejus
627 2645 750 2683 quam
776 2630 989 2683 Lycurgus
1021 2633 1148 2682 atque
1170 2629 1474 2668 Demosthenes
1496 2630 1664 2669 Aristo·

149 2688 283 2742 gitoni
304 2688 575 2728 intenderunt
596 2686 934 2726 constituemlum
960 2685 1303 2725 declamationem
1326 2684 1451 2724 istam
1472 2700 1554 2725 nou
1576 2700 1666 2725 esse

149 2744 443 2784 adhibendam.
509 2744 652 2797 Neque
670 2757 766 2783 vero
785 2742 1006 2797 quicquam
1027 2740 1122 2780 hinc
1144 2740 1353 2781 lucramur
1373 2740 1451 2780 nisi
1473 2741 1563 2789 hoc,
1582 2756 1665 2781 non

149 2805 249 2841 ante
283 2800 347 2841 Ol.
382 2814 475 2850 110,
510 2814 548 2854 3.
582 2813 670 2839 rem
710 2798 821 2838 illam
861 2797 1086 2842 accidisse,
1136 2796 1210 2836 tali
1251 2802 1392 2837 autem
1426 2797 1666 2838 testimonio

192 2896 211 2919 k
239 2895 461 2935 Theopompus
484 2896 566 2935 apud
594 2894 677 2924 Plut.
704 2894 759 2924 vit.
779 2894 872 2924 Dem.
985 2891 993 2914 ¹
1021 2891 1224 2922 Aristobulus
1253 2892 1338 2930 apud
1370 2891 1456 2921 Plut.
1483 2892 1539 2922 vit.
1571 2891 1665 2923 Dem.

149 2946 176 2967 c·
194 2946 241 2975 ¹4·
942 2946 968 2965 c·
986 2944 1179 3016 3n3·1¹ycurgi
1196 2977 1320 3014 depcrd.
1339 2981 1416 3006 orat.
1431 2974 1542 3015 fragm.
1557 2986 1587 3015 p.
1603 2984 1654 3016 27.
