1997 3256
531 158 853 198 ADVERSUS
888 159 1218 199 LEPTINEM.
1550 160 1634 202 687

121 262 228 308 στάς,
259 261 393 314 inquit
424 260 489 300 ille
522 261 794 302 Demostheni
826 277 1021 303 coronam
1064 264 1293 313 affectanti,
1324 266 1358 304 εἰ
1391 265 1631 316 ἐγίγνωσκον

119 318 302 368 Χαβρίαν
339 317 399 356 καὶ
429 316 652 367 Ἰφικράτην
688 318 749 356 καὶ
784 320 989 368 Τιμόθεον,
1027 320 1087 358 καὶ
1118 323 1240 359 πυθοῦ
1275 320 1365 370 παρ’
1395 321 1530 369 αὐτῶν,
1568 323 1630 360 διὰ

117 374 157 412 τί
194 375 261 414 τὰς
296 374 439 423 δωρεᾶς
479 373 608 413 αὐτοῖς
650 373 792 413 ἔδοσαν
834 375 894 413 καὶ
935 377 1002 415 τὰς
1043 376 1194 416 εἰκόνας
1235 376 1417 425 ἔστησαν·
1462 376 1630 418 ἅπαντες

117 431 192 480 γὰρ
228 429 305 478 ἅμα
346 444 410 467 σοι
446 428 742 478 ἀποκρινοῦνται
777 430 834 468 ὅτι
872 431 1029 482 Χαβρίᾳ
1062 432 1136 479 μὲν
1172 432 1234 469 διὰ
1272 431 1338 479 τὴν
1373 432 1461 481 περὶ
1494 432 1629 481 Νάξον

118 485 350 536 ναυμαχίαν,
382 483 593 534 Ἰφικράτει
624 485 678 529 δὲ,
713 485 771 524 ὅτι
803 486 873 534 τὴν
907 486 1030 535 μόραν
1061 487 1377 534 Λακεδαιμονίων
1412 486 1628 533 ἀπέκτεινε,

119 544 175 591 (ν.
197 539 296 579 locc.
319 540 458 579 laudd.
480 554 506 579 a
532 539 735 579 Lambino
763 540 817 579 ad
843 540 1007 579 Cornel.
1031 540 1134 593 Nep.
1159 540 1413 593 Iphicraten]
1441 546 1484 581 et
1510 543 1630 581 XVes-

117 595 259 648 seling.
282 595 336 635 ad
366 595 537 635 Diodor.
562 595 639 634 vol.
668 609 699 634 1.
729 610 769 648 p.
796 597 909 647 712.)
941 596 1118 649 Τιμοθέῳ
1150 598 1191 635 δὲ
1226 598 1287 635 διὰ
1317 596 1386 635 τὸν
1416 599 1631 648 περίπλουν

117 651 186 690 τὸν
209 653 261 692 εἰς
283 652 494 702 Κέρκυραν.
557 650 636 689 His
658 651 763 690 conf.
785 651 885 698 loca,
910 665 1016 703 quae
1039 651 1262 705 designant
1286 651 1479 691 Muretus
1502 653 1627 693 Varr.

120 706 256 746 Lectt.
281 707 317 747 8.
342 719 408 749 22.
442 711 485 747 et
517 706 718 760 Taylorus
748 707 801 746 ad
836 707 983 760 Lysiae
1015 706 1182 760 Fragm.
1210 722 1249 760 p.
1278 709 1323 746 18
1354 721 1469 760 seqq.
1503 709 1551 748 F.
1575 709 1628 748 A.

120 762 311 801 WOLF.

174 820 270 868 482,
306 819 371 857 26.
414 818 625 868 Στράβακα
660 818 721 856 καὶ
757 818 1058 871 Πολύστρατον]
1097 818 1380 858 Posteriorem
1415 833 1498 859 una
1537 833 1631 858 cum

119 873 301 914 Chabria
336 878 379 913 et
416 873 627 926 Iphicrate
668 873 814 912 ducem
849 872 974 912 fuisse
1015 874 1265 914 conductioii
1301 874 1507 914 exercitus
1547 878 1632 927 (τοῦ

117 933 268 978 ξενικοῦ
297 931 339 968 ἐν
369 930 556 982 Κορίνθῳ.
618 928 738 968 Conf.
766 928 984 981 Aristoph.
1010 929 1122 969 Plut.
1144 941 1235 983 173.
1265 929 1404 983 ibique
1432 930 1560 970 schol.
1589 935 1633 970 et

118 984 329 1037 Harpoer.
358 984 427 1023 hh.
450 987 532 1033 vv.)
565 984 752 1024 novimus
784 999 835 1023 ex
869 984 1047 1038 Philipp.
1074 985 1105 1025 I.
1138 1000 1177 1038 p.
1199 988 1266 1035 46,
1293 999 1357 1027 20.
1420 986 1510 1036 Quo
1541 986 1632 1027 loco

117 1040 325 1094 Didymus
353 1054 479 1093 quum
506 1045 665 1080 temere
692 1046 867 1093 poneret
889 1042 1153 1091 Πολύτροπος,
1176 1055 1258 1080 non
1285 1041 1451 1081 videtur
1478 1042 1512 1081 is
1541 1056 1632 1081 nos—

116 1101 210 1136 trae
242 1096 445 1136 orationis
478 1095 727 1136 meminisse.
781 1096 879 1135 Vid.
914 1095 1173 1150 Harpocrat.
1206 1112 1241 1136 v.
1275 1098 1555 1148 Πολύστρατος
1590 1102 1633 1138 et

117 1152 221 1192 conf.
245 1152 394 1206 Apsin.
420 1167 459 1205 p.
484 1164 577 1203 704.
640 1151 822 1192 Strabax
854 1156 897 1191 et
927 1151 1014 1205 ipse
1045 1153 1096 1192 de
1128 1153 1486 1193 commendatione
1519 1154 1631 1207 Iphi-

117 1208 245 1248 cratis
277 1212 450 1247 ornatus
480 1207 609 1247 videri
645 1213 785 1260 potest
818 1207 1042 1261 Iphicratis
1072 1208 1114 1247 in
1145 1209 1289 1248 eodem
1319 1209 1426 1249 bello
1461 1210 1632 1263 adjutor

116 1264 253 1304 fuisse.
317 1263 541 1303 Hominem
569 1263 783 1316 aliquanto
812 1263 956 1303 melius
983 1278 1211 1310 nossemus,
1238 1264 1316 1304 nisi
1344 1265 1480 1305 manci
1508 1266 1631 1306 hodie

117 1325 256 1360 essent
278 1319 561 1372 Harpocratio
583 1324 625 1359 et
649 1319 811 1368 Suidas‚
836 1319 904 1372 qui
926 1319 1014 1374 ipse
1037 1321 1127 1372 jam
1148 1320 1244 1359 olim
1273 1321 1420 1360 mutilo
1442 1322 1631 1375 exemplo

118 1375 472 1429 Harpocrationis
502 1389 601 1414 usus
633 1375 761 1415 videri
793 1376 931 1415 debet.
1001 1375 1266 1428 [Strabacem
1298 1391 1349 1416 ex
1382 1377 1632 1417 Theodectis

116 1432 306 1472 oratione
336 1436 541 1471 memorat
572 1431 752 1471 Aristot.
786 1431 915 1471 Rhet.
947 1444 982 1477 2,
1008 1444 1073 1484 23.
1105 1447 1144 1485 p.
1174 1445 1291 1485 1399,
1317 1445 1353 1472 2.
1385 1433 1448 1472 ed.
1472 1433 1625 1486 Bekk]

116 1487 361 1527 Clearehum
402 1487 638 1541 suspicatur
678 1486 871 1526 Reiskius
912 1488 1088 1527 eundem
1129 1501 1229 1537 esse,
1273 1488 1342 1542 qui
1385 1489 1631 1538 Heracleae,

116 1543 295 1584 Pontica
322 1544 438 1591 urbe,
460 1548 663 1596 tyrannus
690 1543 816 1583 fuerit
842 1544 896 1583 ab
919 1543 1078 1596 Olymp.
1104 1556 1194 1594 104,
1218 1558 1251 1583 1.
1273 1545 1327 1584 ad
1354 1544 1516 1598 Olymp.
1541 1547 1630 1593 106,

113 1613 153 1649 4.
179 1604 351 1640 auctore
382 1599 571 1639 Diodoro
598 1612 659 1652 15,
684 1599 750 1638 81.
773 1604 816 1639 et
844 1602 905 1645 16,
927 1601 995 1652 36.
1059 1599 1167 1639 Mihi
1198 1600 1239 1639 in
1271 1600 1436 1640 homine
1466 1601 1632 1641 aliunde

113 1654 257 1708 ignoto
292 1670 367 1695 nec
402 1655 485 1695 ulla
525 1670 570 1695 re
605 1655 670 1695 hic
711 1655 830 1695 nobis
866 1660 1015 1695 notato
1054 1656 1295 1709 conjectura
1335 1657 1632 1697 abstinendum

113 1710 291 1751 videtm.
326 1711 376 1751 F.
399 1711 454 1751 A.
478 1711 670 1751 WOLF.

171 1768 268 1816 482,
294 1778 359 1818 27.
390 1767 582 1820 Κλεάρχῳ
612 1768 678 1806 καί
701 1783 804 1806 τισιν
831 1766 990 1820 ἄλλοις]
1022 1768 1222 1807 Fortasse
1252 1767 1562 1808 Phrasielidem
1588 1773 1632 1808 et

117 1823 415 1878 Polysthenem
437 1823 642 1876 intelligit,
661 1823 712 1862 de
734 1822 883 1876 quibus
905 1838 944 1876 p.
964 1824 1058 1871 688,
1076 1836 1116 1873 4.
1140 1823 1262 1863 πάλιν
1282 1824 1474 1874 Τιμοθέου
1497 1826 1630 1874 δόξαν-

115 1880 180 1921 τός
206 1896 242 1919 τι
271 1896 431 1929 ποιησαι
456 1883 531 1918 τῶν
562 1881 730 1918 δεόντων
754 1880 844 1928 ὑμῖν
874 1879 969 1929 πρὸς
998 1881 1048 1932 τῷ
1081 1879 1195 1919 πάνθ
1224 1880 1247 1919 ἃ
1272 1878 1420 1931 μέγιστ’
1449 1880 1497 1929 ἠν
1529 1881 1628 1934 αὐτῷ

115 1938 248 1974 δοῦναι
287 1935 536 1986 προσεθηκαν
577 1935 678 1987 αὐτῷ
720 1935 797 1980 δύο,
841 1920 1104 1985 Φρασιηρίδην
1145 1936 1206 1975 καὶ
1247 1935 1507 1986 Πολυσθενηυ
1548 1941 1629 1977 etc.

117 1990 249 2042 Quem
274 1991 409 2030 locum
435 1990 692 2043 comparavit
720 1990 894 2029 Sievers.
918 1990 1034 2030 Hist.
1058 1990 1131 2030 Gr.
1152 2005 1191 2044 p.
1216 1992 1310 2030 228.

172 2049 268 2097 482,
303 2048 370 2087 28.
413 2046 545 2100 αὐτὸς]
589 2047 687 2100 Ipse
732 2046 854 2094 solus
896 2046 1007 2085 nullo
1047 2060 1140 2085 cum
1181 2046 1304 2086 socio,
1376 2047 1460 2086 Pro
1499 2050 1629 2097 μόνος.

116 2103 311 2143 REISK.
353 2102 654 2152 αὐτὸς-μόνος.
700 2102 782 2142 Per
804 2116 846 2141 se
869 2102 983 2144 αὐτὸς
1003 2106 1067 2141 est
1088 2103 1217 2152 μόνος,
1240 2103 1289 2141 ab
1310 2103 1406 2143 callis
1422 2103 1627 2155 sejunctus.

117 2158 214 2198 Vid.
239 2158 536 2199 Hemsterhus.
558 2159 612 2198 ad
642 2158 818 2198 Lucian.
840 2157 918 2197 vol.
942 2171 975 2198 1.
999 2173 1038 2211 p.
1064 2170 1157 2211 230.
1221 2158 1303 2198 Sed
1331 2173 1629 2212 nonnunquam

115 2219 296 2268 utraque
326 2229 405 2254 vox
435 2214 717 2268 conjungitur,
748 2213 994 2267 praesertim
1026 2228 1152 2266 quum
1182 2214 1263 2254 vim
1295 2215 1505 2268 quandam
1540 2230 1630 2255 sen—

115 2271 250 2311 tentia
280 2271 421 2311 habet.
485 2270 689 2323 Exempla
720 2270 840 2310 dabit
870 2270 1127 2310 Abreschius
1157 2270 1198 2310 in
1231 2271 1461 2324 Thucydid.
1490 2271 1567 2311 vol.
1594 2285 1630 2314 2.

114 2341 153 2379 p.
179 2338 272 2379 223.
324 2326 603 2380 Frequentius
627 2326 778 2366 Latine
794 2327 944 2379 juncta
966 2326 1163 2380 leguntur
1184 2341 1285 2367 ιιιιιιε
1306 2332 1349 2367 et
1368 2327 1481 2367 solus.
1507 2327 1555 2367 F.
1574 2327 1628 2368 A.

116 2383 310 2422 WOLF.
373 2383 532 2422 Verte:
564 2383 648 2435 ipse
682 2396 765 2421 vero
796 2381 990 2422 Chabrias
1016 2397 1042 2422 οι
1070 2382 1174 2422 vobis
1202 2383 1304 2423 solus
1333 2383 1437 2423 dona
1467 2384 1627 2438 accepit.

116 2438 229 2477 Nihil
249 2439 317 2478 hic
338 2438 596 2492 pleonastici.
631 2438 880 2478 SOHAEF.

171 2496 267 2547 483,
293 2495 328 2534 8.
353 2496 440 2534 οὐδὲ
462 2496 537 2545 γὰρ
558 2496 648 2543 ὑμῖν
670 2512 702 2533 κ.
725 2510 757 2532 τ.
779 2494 837 2546 λ.]
870 2493 986 2534 Citat
1008 2493 1220 2533 Aristides
1240 2509 1280 2547 p.
1306 2507 1398 2545 272.
1432 2494 1626 2535 REISK.

171 2546 268 2603 483,
298 2564 362 2599 14.
392 2554 466 2589 τῶν
498 2550 676 2599 Χαβρίου
707 2549 845 2602 τιμῶν]
871 2549 1065 2588 Honores
1094 2550 1301 2589 Chabriae
1327 2564 1352 2589 a
1379 2550 1532 2603 populo
1560 2551 1628 2590 de-

116 2606 232 2654 creti,
263 2610 465 2659 quantum
495 2605 661 2658 quidem
691 2604 833 2657 liquet,
863 2604 1031 2644 fuerunt
1062 2610 1206 2645 statua
1234 2605 1275 2644 111
1303 2605 1392 2644 foro
1420 2605 1559 2659 posita
1586 2611 1629 2646 et

115 2662 218 2702 haec
240 2661 514 2701 immunitatis
537 2660 718 2708 donatio,
741 2661 920 2700 fortasse
941 2661 1023 2701 alia
1044 2661 1176 2714 plura.
1233 2663 1407 2701 Statuae
1429 2661 1471 2701 in
1491 2666 1628 2701 trans-

114 2718 176 2758 itu
202 2718 392 2758 meminit
418 2717 647 2757 Aeschines
674 2716 715 2755 in
744 2717 928 2770 Ctesiph.
951 2731 990 2770 p.
1012 2719 1091 2768 467
1119 2717 1168 2757 Ε.
1223 2716 1339 2757 Conf.
1363 2717 1539 2757 Diodor.
1564 2731 1629 2771 15,

114 2787 137 2826 3
143 2787 182 2827 3
204 2778 286 2814 eti
270 2774 409 2827 Nepos
431 2788 463 2814 c.
487 2787 521 2813 1.
572 2773 712 2813 Dede]
715 2777 790 2812 unt
811 2778 953 2813 autem
975 2787 1044 2812 eos
1066 2773 1243 2813 honores
1265 2773 1471 2813 cl1ab11a0
1492 2773 1628 2814 adhuc

116 2830 218 2879 vivo,
251 2831 362 2883 quod
391 2834 560 2885 praete1
592 2830 798 2883 Nepotem
829 2829 853 2868 l.
883 2843 916 2868 c.
949 2833 1092 2869 noster
1122 2829 1244 2868 docet
1275 2828 1431 2883 p.482,
1456 2842 1515 2869 11.
1547 2830 1629 2870 εἶτα

115 2887 211 2938 ὑπὲρ
232 2888 285 2926 ὧν
307 2888 453 2929 ἐκεῖνος
474 2904 507 2926 κ.
529 2903 561 2925 τ.
583 2891 622 2925 λ.
656 2886 702 2925 F.
726 2886 778 2925 A
804 2885 995 2925 WOLF.

173 2944 270 2995 483,
300 2945 358 2983 16.
392 2944 456 2985 οὓς
488 2941 695 2996 ἀκηκόατε]
732 2941 826 2982 Νο11
862 2941 1062 2990 dubitem,
1096 2956 1121 2982 a
1156 2942 1408 2982 Phormione
1443 2945 1626 2982 oratore.
