1997 3256
509 161 834 201 ADVERSUS
870 161 905 199 A
918 158 1356 199 NDROTIONEM.
1605 157 1688 194 845

174 267 320 308 ἐνταῦθ’
351 266 497 318 ἐφάνης
529 267 700 316 κηδεμὼν
730 266 847 315 ἡμῶν,
881 266 923 304 οὗ
956 281 1002 303 σε
1034 262 1207 303 πολλοὺς
1238 262 1315 300 ἔδει
1347 263 1467 302 κακῶς
1496 262 1684 309 ποιῆσαι;

173 325 384 373 βούλεσθε,
412 321 441 361 ὦ
469 323 606 373 ἄνδρες
625 321 838 371 Ἀθηναῖοι,
861 321 904 360 τὸ
932 322 1075 360 τούτων
1103 320 1225 358 αἴτιον
1253 317 1329 368 ἐγὼ
1356 318 1446 365 ὑμῖν
1474 317 1595 361 εἴτι-ως
1629 316 1688 354 ὅτι

173 380 318 419 τούτων
337 380 410 428 μὲν
434 377 668 430 μετέχουσιν
689 379 742 417 ὧν
768 378 965 417 ἀδικοῦσιν
985 377 1081 426 ὑμᾶς
1105 374 1219 418 τινὲς,
1243 372 1319 412 ἀπὸ
1345 373 1386 411 δὲ
1408 375 1483 411 τῶν
1506 373 1687 422 εἰσπρατ-

173 434 346 485 τομένων
366 436 633 485 ὑφαιροῦνται.

232 496 257 512 “
272 489 391 529 Furti
418 494 560 529 autem
582 488 820 529 Androtion
842 487 993 541 triplici
1014 486 1055 525 in
1078 498 1226 525 caussa
1253 486 1486 528 accusatur,
1509 480 1688 534 primum

174 560 266 586 cum
296 546 457 586 tributa
489 545 641 597 exegit,
675 544 824 583 deinde
854 558 947 583 cum
985 542 1118 591 ταμίας
1153 542 1218 588 τῆς
1253 540 1344 577 θεοῦ
1378 537 1533 576 electus
1569 550 1689 576 sacra

174 602 345 641 deorum
371 616 469 641 vasa
496 601 761 653 colliquefieri
794 613 980 651 novaque
1009 594 1148 650 parari
1172 593 1327 646 jussit3
1362 592 1554 645 denique,
1577 592 1688 645 quod

174 658 311 697 obiter
337 662 506 697 tantum
534 657 600 696 1110
628 660 832 703 monetur,
862 655 1023 708 legatus
1051 665 1144 690 cum
1175 649 1336 688 duobus
1364 648 1455 688 aliis
1483 649 1536 688 ad
1568 649 1689 688 Mau-

175 714 308 753 solum
340 713 490 753 missus
522 713 722 765 praedam
756 726 808 751 ex
839 709 977 749 hostili
1014 704 1360 747 Naucratitarum
1395 704 1489 745 navi
1522 708 1689 757 captam

175 769 361 810 retinuit.

235 832 257 847 ⁶⁴
276 825 403 865 Ratio
428 828 581 871 autem,
607 838 689 876 qua
712 820 950 861 Androtion
973 818 1205 872 quaestoris
1233 831 1381 856 munus
1409 816 1584 869 accepit,
1608 830 1691 855 11011

175 881 309 920 minus
331 880 606 934 vituperanda
635 883 698 918 est
720 891 845 930 (11111111
873 874 1105 922 insolentia,
1129 888 1253 927 quam
1275 874 1316 912 in
1341 872 1545 926 exigenda
1566 886 1689 925 pecu-

176 937 244 977 nia
275 936 475 976 exercuit.
537 935 643 975 Nam
676 948 771 974 011111
804 931 1028 972 Nausiuico
1059 930 1273 977 archonte,
1307 930 1368 969 Ol.
1394 941 1483 976 100,
1513 941 1552 981 3,
1584 942 1691 968 novo

175 1007 299 1033 censu
319 992 464 1032 habito
490 992 541 1043 (v.
560 990 689 1029 Wolf.
715 989 878 1042 Proleg.
901 988 956 1028 ad
980 985 1145 1039 Leptin.
1168 1001 1207 1039 p.
1231 988 1297 1036 98.
1330 984 1513 1024 Boeckh.
1537 984 1691 1024 Oecon.

175 1049 251 1088 vol.
282 1062 316 1088 2.
349 1063 388 1102 p.
410 1051 495 1101 50.)
540 1046 746 1086 tributum
788 1044 1043 1084 talentorum
1083 1042 1168 1082 fere
1209 1046 1492 1081 trecentorum
1533 1040 1692 1080 usitato

177 1107 374 1155 εἰσφορῶν
395 1103 559 1142 nomine
586 1102 742 1141 civibus
764 1105 805 1140 01
832 1099 1041 1153 inquilinis
1070 1099 1319 1152 imperatum
1348 1102 1472 1144 esset,
1495 1101 1692 1149 quatuor-

176 1160 310 1200 decim
331 1160 492 1200 talenta
512 1158 697 1197 nondum
719 1161 840 1197 erant
865 1157 1060 1209 depensa.
1124 1155 1194 1193 Ad
1218 1154 1318 1193 haec
1339 1153 1467 1207 igit-ur
1488 1152 1694 1205 exigenda

177 1217 277 1268 ἀρχὴ
305 1216 478 1266 κληρωτὴ
506 1214 739 1254 constituta
767 1218 871 1258 erat,
895 1212 1096 1265 adquam
1124 1211 1252 1250 etiam
1282 1210 1582 1249 Eut-temonem
1604 1223 1694 1262 per-

177 1272 350 1312 tinuisse
386 1285 468 1310 11011
509 1270 679 1310 dubium
715 1274 791 1309 est.
863 1269 1077 1319 Quaenam
1117 1272 1259 1306 autem
1299 1266 1382 1305 ista
1418 1265 1517 1317 ἀρχὴ
1554 1264 1692 1312 fuerit,

176 1332 381 1382 apparet:
424 1341 521 1367 nam
553 1328 730 1377 ἐκλογεῖς
764 1325 831 1376 (dc
862 1324 1011 1378 quibus
1043 1339 1078 1363 v.
1107 1323 1315 1375 Harpocr.
1345 1336 1376 1361 s.
1405 1321 1445 1361 h.
1476 1325 1529 1370 v.)
1565 1321 1619 1360 ad
1650 1320 1692 1359 id

177 1398 327 1423 munus
357 1388 470 1423 sorte
498 1382 876 1422 constituebantur.
937 1380 966 1419 J
970 1394 1038 1419 am
1065 1393 1162 1418 vero
1191 1378 1283 1418 vide
1306 1376 1583 1416 Androtionis
1610 1391 1695 1416 ma-

178 1440 429 1493 lignitatem.
492 1438 601 1478 Nam
639 1437 942 1476 Eucteinonem
976 1435 1217 1475 collationes
1251 1434 1473 1484 (εἰσφορὰς)
1513 1432 1695 1472 retinere

179 1493 381 1550 suumque
425 1495 466 1534 in
515 1508 636 1533 usum
680 1493 879 1533 adhibere
924 1496 1174 1546 praetexens
1219 1489 1354 1529 effecit
1394 1493 1441 1528 ut
1487 1488 1555 1528 illa
1596 1489 1696 1540 ἀρχὴ

181 1552 353 1603 κληρωτὴ
379 1551 619 1597 solveretur,
643 1549 721 1603 ipsi
751 1554 893 1589 autem
918 1548 1139 1600 χειροτονίᾳ
1165 1550 1366 1600 practer
1396 1559 1573 1584 morem
1602 1559 1696 1584 011111

178 1622 325 1648 novem
347 1607 436 1647 aliis
457 1607 535 1646 1100
560 1620 710 1645 munus
732 1605 1016 1645 mandaretur.
1050 1603 1125 1655 (V.
1142 1618 1182 1656 p.
1201 1604 1317 1650 608.)
1353 1601 1611 1640 Monendum
1633 1605 1698 1640 est

182 1668 336 1711 autem,
361 1663 472 1716 quod
494 1661 730 1702 Boeckhius
758 1669 824 1701 me
853 1659 1006 1708 docuit,
1031 1658 1340 1698 Androtionem
1367 1658 1538 1711 ejusque
1563 1656 1698 1697 socios

179 1720 256 1759 hoc
282 1720 406 1759 modo
432 1733 515 1758 non
542 1720 720 1769 ἐκλογεῖς
746 1717 879 1757 factos
907 1730 995 1756 esse
1022 1719 1137 1767 (nam
1163 1714 1218 1754 ad
1245 1714 1323 1753 1100
1351 1727 1514 1760 munus,
1541 1718 1587 1753 ut
1609 1713 1697 1766 jam

181 1775 378 1824 diximus,
400 1779 514 1815 sorte
535 1774 798 1828 eligebantur
824 1773 967 1824 cives),
991 1772 1063 1811 sed
1084 1771 1193 1810 illam
1216 1769 1417 1823 pecuniae
1439 1769 1700 1808 exactionem

180 1831 229 1872 iis
249 1846 324 1886 per
352 1835 513 1871 certum
534 1835 699 1883 tempus
721 1844 808 1869 esse
837 1828 1102 1868 commissam
1123 1842 1131 1865 z
1165 1841 1246 1880 quo
1268 1830 1392 1880 pacto
1420 1824 1509 1864 fieri
1530 1829 1700 1878 poterat

181 1893 228 1928 ut
260 1887 471 1927 Androtio
502 1885 653 1939 duplici
684 1899 854 1925 munere
885 1884 1030 1924 eodem
1061 1887 1248 1936 tempore
1276 1883 1535 1935 fungeretur,
1566 1881 1700 1921 altero

181 1945 317 1994 ταμίου
345 1946 411 1992 τῆς
438 1945 528 1982 θεοῦ
556 1942 689 1981 altero
720 1940 922 1992 ἐκλογέως.
984 1941 1198 1979 Accurate
1226 1942 1368 1978 autem
1395 1937 1700 1977 Demosthenes

183 1999 383 2039 describit
414 1998 621 2052 quomodo
644 1997 878 2037 Euctemon
901 1997 952 2035 de
972 2009 1142 2035 munere
1164 2009 1238 2034 suo
1264 1993 1382 2047 quasi
1406 1993 1460 2033 sit
1481 1994 1698 2033 detrusus:

184 2055 366 2109 inopiam
396 2053 546 2094 aerarii
579 2067 825 2106 quacunque
856 2067 901 2092 re
932 2057 1070 2092 ortam
1100 2051 1168 2091 illo
1200 2055 1387 2103 tempore
1417 2049 1702 2089 Athenienses

184 2110 383 2165 pressisse
404 2114 580 2163 apparet
599 2127 609 2155 ς
646 2109 727 2162 (1111
749 2109 859 2148 0111111
881 2108 1124 2162 explicanda
1153 2121 1242 2147 esse
1263 2110 1366 2159 puto
1394 2106 1521 2145 verba
1541 2120 1580 2158 p.
1605 2106 1700 2145 608.

185 2169 247 2207 καὶ
275 2169 337 2207 διὰ
363 2167 431 2206 τὸν
460 2165 593 2222 καιρὸν
619 2165 661 2206 ὃς
690 2165 737 2215 ἣν
764 2166 852 2204 τότε
884 2165 987 2216 ἔχων
1016 2164 1196 2213 ἐξουσίαν
1228 2163 1328 2214 010.)
1358 2161 1427 2214 qui
1460 2165 1550 2201 tum
1581 2165 1702 2202 erant

186 2225 376 2274 ἐκλογεῖς,
405 2221 506 2262 furti
535 2222 588 2261 ab
615 2220 882 2260 Androtione
913 2219 1138 2259 insimulati
1168 2223 1292 2258 sunt:
1326 2217 1432 2257 ursit
1463 2217 1701 2257 necessitas.

185 2279 286 2319 Jam
322 2277 565 2318 Androtion
601 2276 840 2317 concionem
877 2276 1055 2321 habuit3
1094 2274 1197 2314 nihil
1231 2273 1435 2326 reliquum
1471 2288 1561 2313 esse
1597 2273 1703 2313 dixit

185 2335 239 2375 ad
260 2334 477 2388 pecuniam
502 2333 732 2386 parandam
758 2332 836 2372 nisi
865 2333 954 2380 1100,
978 2337 1025 2371 111
1046 2335 1121 2371 11111
1149 2329 1279 2370 sacris
1307 2329 1415 2369 vasis
1440 2329 1496 2368 ad
1516 2329 1703 2382 publicos

174 2394 347 2430 sumtus
376 2394 609 2437 uterentur,
635 2393 710 2428 aut
738 2403 887 2428 novam
915 2387 1179 2427 collationem
1206 2385 1462 2438 imperarent
1489 2389 1564 2424 aut
1592 2384 1704 2424 deni-

188 2460 267 2499 que
296 2445 481 2485 debitam
509 2444 727 2498 pecuniam
756 2443 983 2497 exigerent.
1046 2443 1117 2482 Ita
1146 2441 1340 2495 quoniam
1369 2440 1438 2493 qui
1463 2444 1553 2480 tum
1582 2444 1703 2480 erant

189 2505 377 2553 ἐκλογεῖς,
410 2500 517 2541 1111110
551 2514 722 2540 munere
752 2499 867 2553 fungi
900 2499 973 2537 visi
1007 2503 1116 2546 sunt,
1148 2510 1345 2551 praesens
1377 2501 1519 2536 autem
1551 2496 1702 2536 aerarii

188 2557 327 2611 inopia
354 2571 505 2611 magna
533 2556 613 2596 fuit
644 2561 685 2595 et
717 2556 771 2596 ab
801 2554 1067 2594 Andr-ctione
1097 2553 1288 2593 oratione
1318 2556 1444 2592 aucta
1474 2556 1550 2600 est,
1582 2551 1703 2592 facile

189 2613 369 2667 contigit
401 2613 437 2652 ei
469 2618 515 2652 ut
544 2611 613 2652 isti
644 2613 822 2663 ἐκλογεῖς
849 2624 1019 2650 munere
1050 2624 1124 2648 suo
1152 2608 1429 2662 privarentur,
1456 2607 1533 2660 ipsi
1561 2612 1704 2648 autem

189 2669 387 2723 pecuniae
415 2668 643 2722 exigendae
669 2682 769 2707 cura
790 2667 1041 2707 traderetur.
1109 2664 1228 2704 Adiit
1253 2678 1416 2711 munus,
1438 2664 1512 2703 sed
1533 2677 1705 2716 parvam

190 2726 286 2764 inde
315 2725 460 2765 civitas
483 2724 710 2764 utilitatem
738 2722 862 2776 cepit.
925 2722 1006 2762 Sed
1028 2721 1293 2760 vehementer
1320 2734 1369 2759 ea
1394 2719 1436 2758 in
1460 2733 1505 2759 re
1530 2720 1572 2758 in
1596 2719 1705 2759 cives

191 2788 233 2821 et
262 2780 486 2834 inquilinos
513 2785 730 2834 grassatus
762 2783 837 2827 est,
861 2778 921 2817 ita
949 2782 997 2817 ut
1024 2779 1174 2828 ὕβρεως
1203 2776 1371 2824 crimen,
1395 2775 1505 2828 quod
1526 2774 1706 2815 Atheni—

191 2850 310 2876 enses
343 2837 495 2876 acerbo
528 2849 691 2889 semper
722 2835 818 2874 odio
853 2832 1061 2888 persecuti
1097 2836 1207 2879 sunt,
1243 2831 1284 2870 in
1318 2845 1412 2871 cum
1442 2831 1706 2871 adversarius

192 2891 400 2945 conjiciat.
461 2891 576 2932 Nam
607 2891 815 2931 veteribus
846 2889 1004 2943 legibus
1037 2887 1292 2942 posthabitis
1323 2887 1492 2928 decreta
1524 2886 1707 2926 crudelia

193 2947 367 3001 rogavit,
392 2947 694 2988 undecimviros
722 2960 861 2986 secum
884 2945 1004 2985 duxit
1033 2958 1231 2998 suamque
1253 2943 1400 2996 cuique
1430 2943 1598 2983 domum
1619 2956 1706 2983 car-
