1997 3256
318 145 402 188 676
719 145 1042 186 ADVERSUS
1076 146 1403 187 LEPTINEM.

320 248 578 300 ἀνάγραπτος.
610 249 680 289 ubi
713 251 979 291 scholiastes:
1014 254 1076 291 διὰ
1106 252 1250 295 παντὸς
1281 252 1479 305 εὐεργέτης
1508 252 1681 303 κληθήσῃ
1711 254 1753 293 ἐν
1784 254 1835 307 τῷ

320 304 488 358 ἡμετέρῳ
510 307 612 358 οἴκῳ.
675 306 926 346 SCHAEF.

377 370 474 413 475,
502 373 564 413 13.
589 361 788 401 Praestat
812 362 957 402 Wolfii
980 363 1273 416 interpunctiO,
1297 363 1455 413 μάθοιτε
1480 366 1521 403 δὲ
1543 367 1655 403 τοῦτο
1677 363 1836 412 μάλιστ’

320 415 383 463 ἂν,
412 417 564 458 ἐκείνως
596 418 629 456 εἰ
656 419 891 468 λογίσαισθε
917 419 1012 470 πρὸς
1042 420 1137 468 ὑμᾶς
1167 419 1315 460 αὐτούς’
1348 421 1383 458 εἴ
1411 435 1511 461 τινες
1542 423 1620 459 etc.
1649 419 1751 459 Vid.
1783 419 1837 459 ad

320 485 359 524 P·
381 481 478 524 475,
504 482 569 525 25.

375 538 472 581 475,
507 540 572 567 21.
612 528 866 569 Marklando
906 533 1004 569 ante
1047 531 1111 569 καί
1147 546 1249 571 τινες
1290 529 1475 582 elapsum
1514 530 1736 570 videbatur
1777 531 1840 570 καὶ

319 580 579 634 Ἡρακλείδῃ.
642 584 723 624 Sed
760 585 864 625 satis
900 590 1069 638 poterat
1104 585 1260 625 habere
1295 590 1438 625 orator
1477 586 1518 625 11.
1552 586 1575 625 l.
1607 586 1840 639 principem

320 638 509 678 beneficii
540 639 765 680 nominare.
829 641 878 679 In
910 655 1042 694 scqq.,
1063 642 1165 682 τινὲς
1192 641 1374 689 τούτων,
1397 642 1585 681 notanda
1612 641 1727 681 venit
1751 655 1840 681 ver-

320 699 417 734 suta
446 695 672 735 admodum
704 696 916 737 conversio
944 697 999 736 ad
1029 695 1301 745 adversarios,
1332 710 1459 749 quum
1491 696 1721 737 suffecisset
1751 697 1841 736 uni-

320 764 437 789 verse
479 751 614 791 dicere
654 754 755 794 τινὲς
799 754 912 802 ὑμῶν,
956 754 1057 793 τινὲς
1095 752 1326 801 Ἀθηναίων.
1407 752 1502 792 Non
1543 752 1690 792 dubito
1730 752 1840 792 enim

320 820 550 858 pronomen
578 807 678 846 illud
705 809 809 847 οὗτοι
830 822 938 847 1111110
963 808 1018 848 ad
1039 807 1300 848 adversarios
1320 808 1487 855 referre,
1509 807 1609 847 licet
1631 808 1685 848 sit
1705 808 1776 848 ubi
1797 807 1840 847 in

319 866 488 902 oratore
509 876 638 903 omnes
658 864 858 903 cataclitores
879 864 1083 918 designat.
1118 864 1163 902 F.
1180 863 1234 902 A.
1251 863 1311 901 W
1316 864 1443 903 OLF.
1482 863 1613 903 Recte
1635 863 1842 904 intellexit

319 918 477 957 τούτων.
540 917 622 958 Sed
650 933 722 958 cur
755 920 861 959 hanc
892 920 947 959 ad
982 919 1242 959 adversarios
1273 919 1583 959 conversionem
1615 920 1841 959 admodum

322 979 534 1013 versutam
568 974 722 1014 dixerit
753 989 837 1015 non
873 980 1053 1028 exputo:
1093 980 1157 1014 est
1190 975 1299 1014 enim
1332 980 1422 1015 tam
1455 975 1628 1029 simplex
1661 980 1710 1016 ut
1744 975 1841 1015 sim-

320 1028 466 1081 plicior
487 1029 663 1083 cogitari
685 1045 767 1070 non
788 1031 933 1083 possit.
972 1031 1123 1071 SCHA
1134 1030 1224 1070 EF.

376 1095 472 1137 475,
503 1098 568 1137 23.
603 1087 715 1134 μόνοι
755 1091 832 1126 τῶν
873 1088 1008 1126 ἄλλων
1047 1086 1250 1139 μετοίκων]
1293 1086 1378 1126 Cur
1416 1087 1588 1127 tandem
1627 1087 1843 1137 μετοίκωνὲ

321 1139 491 1180 Scilicet
523 1141 708 1193 loquitur
741 1142 792 1181 de
828 1141 1069 1196 peregrinis,
1103 1142 1172 1194 qui
1207 1147 1380 1195 accepta
1411 1142 1676 1183 immunitate
1707 1143 1839 1182 domi-

321 1195 459 1234 cilium
481 1196 663 1236 Athenis
685 1197 952 1237 collocarunt.
1000 1197 1067 1237 lta
1089 1197 1146 1236 ibi
1167 1202 1265 1237 sunt
1285 1197 1327 1237 in
1348 1212 1522 1238 numero
1541 1203 1617 1238 τῶν
1637 1200 1840 1249 μετοίκων.

322 1251 371 1291 F.
397 1252 450 1290 A.
478 1251 672 1292 WOLF.
736 1253 935 1293 Notanda
970 1253 1123 1293 locutio
1158 1255 1289 1302 μόνοι
1324 1258 1400 1293 τῶν
1436 1255 1593 1293 ἄλλων
1625 1256 1838 1304 μετοίκων;

321 1307 438 1359 cujus
459 1307 679 1348 locutionis
704 1309 825 1362 plura
851 1309 1040 1363 exempla
1069 1309 1110 1348 in
1135 1309 1266 1362 iisque
1288 1309 1417 1349 etiam
1443 1310 1522 1349 hoc
1550 1309 1843 1350 Demostheni-

321 1377 415 1402 011111
435 1365 661 1404 memoravi
688 1365 729 1403 in
751 1365 809 1404 H.
834 1365 1037 1418 Stephani
1059 1365 1181 1404 Thes.
1205 1380 1235 1404 s.
1259 1380 1294 1404 v.
1311 1364 1465 1407 ’Ἄλλος
1485 1380 1523 1419 11.
1553 1366 1654 1413 1841
1683 1365 1727 1406 C.
1790 1365 1841 1405 In

319 1419 383 1458 his
406 1420 541 1460 ἄλλων
558 1421 772 1461 abundare
790 1421 911 1475 vulgo
934 1421 1089 1461 dicunt.
1134 1421 1227 1460 Non
1249 1421 1465 1461 abundare
1479 1421 1598 1461 facile
1619 1421 1840 1475 intelligas,

320 1474 354 1514 si
376 1480 515 1516 vertas
537 1490 570 1515 e.
594 1491 628 1516 c.
652 1482 842 1517 nostrum
870 1478 1035 1531 sejuncti
1063 1492 1089 1517 α
1115 1477 1250 1517 ceteris
1273 1477 1496 1530 inquilinis,
1519 1477 1655 1517 exemti
1682 1491 1843 1517 numero

320 1537 536 1571 ceterorum
570 1533 858 1586 inquilinorum
873 1549 885 1572 :
923 1538 971 1573 ut
1004 1533 1058 1573 sit
1094 1533 1118 1573 i.
1152 1548 1189 1586 q.
1222 1534 1340 1586 χωρὶς
1369 1537 1444 1573 τῶν
1474 1535 1610 1573 ἄλλων
1639 1535 1842 1584 μετοίκων.

326 1587 577 1628 SCHAEF.

381 1656 477 1696 475,
504 1655 568 1698 25.
597 1645 619 1694 ἦ
652 1646 919 1699 ὃηλονότι-]
951 1646 973 1696 ἢ
1003 1649 1122 1696 δῆλον
1153 1647 1211 1685 ὅτι
1242 1645 1378 1696 φωνὴν
1409 1646 1477 1685 οὐκ
1505 1645 1554 1685 ἂν
1584 1645 1842 1698 ἀνάσχοισθε.

324 1699 517 1740 Exarant
544 1701 667 1754 vulgo
694 1700 715 1750 ἦ
738 1704 857 1750 δῆλον
886 1703 955 1749 ὅτι,
978 1717 1076 1755 pars
1106 1703 1299 1752 δηλονότι,
1324 1706 1367 1741 01
1395 1701 1543 1741 deinde
1570 1700 1592 1750 ἦ
1623 1704 1719 1740 πᾶσι
1750 1702 1842 1752 πρό-

323 1758 455 1804 δηλον.
499 1756 740 1809 Utrobique
757 1757 779 1807 ἦ
797 1757 1064 1797 circumflecti
1087 1758 1238 1797 debere
1259 1762 1391 1811 patet,
1407 1762 1451 1797 et¹
1471 1756 1633 1796 monuit
1655 1756 1843 1810 Toupius

320 1811 375 1850 ad
406 1811 580 1865 Longin.
609 1825 648 1865 3,
671 1827 711 1863 4.
775 1812 862 1852 Vix
895 1814 1023 1853 ullum
1053 1818 1273 1867 peccatum
1305 1812 1511 1852 solennius
1542 1817 1607 1852 est
1638 1813 1680 1852 in
1710 1813 1841 1852 libris.

322 1867 372 1906 F.
395 1868 448 1906 A.
475 1867 673 1908 WOLF.
735 1868 795 1906 W
799 1869 993 1909 olfianam
1033 1869 1241 1909 rationem
1279 1868 1472 1923 probavit
1508 1868 1635 1908 etiam
1671 1868 1842 1909 Bastius

321 1937 361 1975 p.
386 1925 479 1976 637.
514 1923 692 1978 Longini
718 1924 979 1965 W'eiskiani:
1024 1926 1158 1966 altera
1184 1925 1277 1978 jure
1312 1925 1450 1978 placet
1482 1924 1730 1964 Heindorfio
1760 1925 1842 1964 for-

322 1979 457 2019 mulae
484 1979 567 2019 vim
596 1981 698 2021 scite
726 1981 951 2034 explicanti
977 1982 1032 2022 ad
1063 1981 1230 2021 Platon.
1260 1981 1443 2021 Phaedr.
1469 1995 1510 2034 p.
1540 1981 1633 2020 188.
1657 1995 1689 2020 s,
1719 1985 1760 2020 et
1786 1981 1841 2020 ad

324 2034 497 2089 Protag.
527 2051 569 2089 p.
588 2048 703 2088 457„
734 2037 804 2076 ubi
835 2037 1022 2091 inprimis
1052 2037 1333 2090 comparanda
1361 2036 1574 2076 Ciceronis
1605 2036 1840 2084 translatio,

323 2104 487 2130 0111110111
507 2091 589 2139 illa,
613 2092 647 2131 si
670 2107 795 2146 quam
816 2094 950 2132 adhuc
972 2094 1140 2141 habeas,
1163 2093 1314 2132 tollens
1335 2092 1653 2133 dubitationem.
1707 2092 1842 2142 Quam

323 2146 543 2186 formulam
573 2162 666 2186 cum
693 2148 968 2202 interrogatio
999 2154 1115 2189 recta
1145 2149 1392 2202 praecedere
1424 2148 1567 2196 soleat,
1591 2148 1720 2188 etiam
1744 2148 1842 2188 hinc

323 2208 499 2255 apparet
523 2203 727 2242 Wolfium
748 2209 861 2243 recte
882 2204 1189 2257 interpunxisse
1210 2219 1246 2243 v.
1277 2217 1335 2257 13.
1359 2219 1390 2243 s.
1414 2203 1666 2244 SOHAEF.

379 2268 476 2311 475,
502 2260 567 2299 26.
591 2259 693 2299 Post
717 2262 1068 2311 συκοφαντούντων
1089 2266 1271 2313 ponatur
1295 2260 1458 2313 signum
1485 2259 1841 2313 interrogationis.

381 2326 476 2365 475,
521 2327 587 2365 29.
645 2315 774 2355 Recte
815 2316 930 2369 sequi
977 2316 1249 2356 indicativum
1289 2317 1522 2361 ἀκούσεσθε,
1564 2316 1844 2356 antecedente

324 2369 513 2423 optativo
542 2372 718 2422 ἡγοῖσθεῖ
746 2371 896 2412 docent
928 2372 1139 2412 Meletem.
1170 2371 1271 2412 Crit.
1299 2386 1337 2424 p.
1372 2384 1385 2409 1
1402 2384 1461 2410 11.
1524 2370 1603 2421 Qui
1632 2371 1844 2425 optativus

324 2426 435 2478 quod
452 2426 642 2476 junctam
665 2427 742 2466 sibi
768 2427 897 2467 habet
923 2427 1174 2481 particulam
1196 2428 1255 2475 ἂν,
1278 2441 1329 2466 110
1352 2426 1443 2480 quis
1464 2426 1651 2475 miretur,
1673 2432 1843 2481 reputet

323 2481 401 2521 hoc
433 2482 513 2521 dici
545 2482 826 2535 hypothetice,
853 2483 1074 2537 hypothesi
1104 2484 1264 2523 latente
1294 2483 1337 2522 in
1363 2482 1501 2522 verbis
1531 2484 1600 2522 τὸν
1631 2486 1750 2522 ταῦτα
1776 2483 1840 2522 λε’-

324 2555 459 2588 γοντα,
494 2553 600 2590 quae
625 2539 763 2578 valent
796 2542 832 2579 εἴ
853 2556 907 2582 τις
934 2543 1055 2579 ταῦτα
1081 2539 1207 2590 λέγοι.
1269 2539 1511 2591 Xenophon
1539 2539 1590 2578 de
1613 2538 1780 2592 Vectig.
1803 2541 1842 2587 6,

327 2606 365 2632 2.
409 2596 442 2633 εἰ
475 2597 580 2646 λῷον
617 2595 677 2634 καὶ
715 2595 874 2645 ἄμεινον
911 2597 967 2645 εἴη
1009 2595 1057 2634 ἂν
1098 2596 1142 2645 τῇ
1183 2597 1298 2635 πόλει
1338 2596 1435 2634 οὕτω
1472 2594 1843 2649 κατασκευαζομένῃ.

331 2649 584 2689 sCHAEF.

381 2707 477 2755 476,
501 2716 540 2759 5.
573 2707 739 2756 πότερον
769 2707 838 2746 οὗν
867 2710 1023 2757 μᾶλλον
1055 2708 1131 2747 ἔδει
1163 2724 1209 2747 σε
1241 2724 1274 2746 κ.
1307 2723 1339 2745 τ.
1371 2704 1431 2759 λ.]
1467 2704 1644 2745 Sensus:
1693 2707 1843 2760 Apage

326 2759 460 2814 legem
492 2766 621 2810 tuam,
662 2762 856 2815 Leptine,
891 2777 996 2816 quae
1028 2767 1196 2803 tantum
1235 2763 1357 2802 abest
1391 2766 1440 2801 ut
1474 2766 1643 2801 nostrae
1680 2761 1842 2802 civitati

327 2817 472 2868 prosit,
495 2822 543 2856 ut
565 2832 639 2856 nos
661 2832 843 2871 nequeas
868 2819 1000 2873 magis
1027 2818 1242 2866 demereri,
1266 2831 1392 2870 quam
1413 2816 1446 2856 si
1474 2816 1666 2856 hostibus
1687 2818 1844 2858 nostris

328 2878 476 2911 auctor
500 2873 576 2912 fias
605 2873 732 2913 talem
758 2874 890 2927 legem
911 2880 959 2914 ut
986 2875 1027 2914 in
1050 2888 1146 2914 suos
1174 2873 1388 2925 εὐεργέτας,
1411 2877 1577 2913 nostros
1600 2873 1842 2925 κακεργέτας,

329 2928 528 2968 sanciant.
573 2929 770 2969 SCHAE
777 2929 824 2968 F.
