1997 3256
824 741 1023 786 XXIII.

382 879 781 931 ADVERSUS
836 879 1466 937 ARISTOCRATEM.

724 1150 1020 1186 EXCERPTA
1048 1152 1119 1186 EX

455 1239 504 1278 E.
531 1239 583 1279 G.
608 1239 851 1280 WEBERI
893 1241 1391 1283 PROLEGOMENIS.

221 1354 468 1393 Omrxoxmi
499 1355 698 1395 adversus
727 1356 1036 1397 Aristocraten]
1069 1356 1185 1397 Theo
1213 1357 1254 1396 in
1290 1358 1677 1413 Progylnnasmatis

162 1410 238 1450 vol.
268 1424 301 1450 1.
337 1425 376 1464 p.
408 1424 498 1463 150.
532 1411 642 1450 inter
674 1412 944 1465 pulcerrimas
980 1413 1189 1453 recensuit
1224 1415 1463 1455 orationes:
1508 1418 1544 1456 οἱ
1580 1421 1677 1468 γοῦν

163 1466 367 1506 κάλλιστοι
391 1466 563 1520 (inquit)
587 1471 662 1508 τῶν
684 1469 879 1517 δημοσίων
899 1470 1032 1520 λόγων
1054 1469 1166 1517 εἰσὶν,
1191 1471 1233 1509 ἐν
1260 1472 1317 1512 οἶς
1341 1473 1428 1522 περὶ
1452 1474 1570 1522 νόμου
1598 1474 1633 1513 τὶ
1654 1472 1676 1524 ἢ

162 1523 418 1573 ψηφίσματος
448 1524 765 1574 ἀμφισβητεῖται,
792 1524 899 1576 λέγω
931 1526 972 1564 δὲ
1003 1526 1071 1564 τόν
1100 1541 1142 1565 τε
1173 1526 1260 1577 περὶ
1287 1527 1488 1578 στεφάνου
1520 1529 1581 1568 καὶ
1608 1530 1678 1570 τὸν

163 1581 259 1618 κατὰ
292 1577 573 1630 Ἀνδροτίωνος
613 1580 674 1619 καὶ
709 1579 970 1631 Τιμοκράτους
1010 1581 1072 1620 καὶ
1111 1581 1206 1632 πρὸς
1240 1585 1437 1633 Λεπτίνην
1478 1585 1540 1624 καὶ
1581 1588 1678 1626 κατὰ

159 1634 494 1686 Ἀριστοκράτους·
526 1636 664 1687 ὀλίγον
691 1638 766 1687 γὰρ
787 1636 1004 1688 διήνεγκεν,
1027 1639 1061 1677 εἰ
1085 1637 1138 1687 μὴ
1160 1639 1292 1688 νόμον,
1316 1640 1422 1679 ἀλλὰ
1443 1640 1634 1692 ψήφισμα
1655 1644 1675 1681 ὁ

159 1690 458 1742 Ἀριστοκράτης
479 1691 644 1743 ἔγραψε.
668 1696 711 1732 et
731 1692 785 1732 ib.
810 1707 850 1745 p.
875 1694 966 1733 166.
993 1693 1206 1746 juventuti
1228 1709 1320 1735 eam
1341 1696 1607 1737 commendat
1628 1703 1676 1738 ut

159 1761 349 1787 normam
377 1761 425 1787 ac
454 1748 640 1801 regulam
665 1748 966 1788 confutationis
993 1764 1072 1803 ope
1099 1749 1236 1804 legum
1262 1752 1413 1792 factae.
1477 1752 1571 1792 Non
1602 1754 1676 1793 mi-

159 1803 330 1843 noribus
361 1803 552 1843 laudibus
579 1804 883 1857 praestantiam
913 1806 1002 1858 ejus
1033 1807 1274 1848 extulerunt
1305 1807 1595 1862 Hermogenes
1625 1811 1677 1850 dc

158 1859 262 1899 ideis
288 1860 380 1900 libr.
406 1871 442 1900 2.
467 1874 500 1899 c.
531 1872 591 1900 10.
624 1860 701 1900 vol.
725 1874 765 1913 3.
796 1876 836 1914 p.
862 1872 957 1914 371.
992 1862 1054 1901 ed.
1081 1862 1217 1903 WValz.
1252 1868 1294 1904 et
1322 1863 1391 1917 qui
1417 1879 1512 1904 eum
1540 1867 1672 1907 secuti

158 1920 269 1963 sunt,
292 1916 504 1969 Josephus
533 1915 830 1970 Rhaccndytas
861 1917 961 1957 ibid.
992 1933 1032 1972 p.
1056 1930 1153 1972 513.
1189 1924 1230 1960 et
1261 1920 1449 1960 Joanncs
1478 1921 1677 1963 Siceliota

157 1971 234 2011 vol.
260 1974 298 2012 6.
335 1987 373 2026 p.
402 1982 499 2025 479.
538 1972 789 2026 omninoque
825 1973 964 2014 variae
1000 1978 1043 2014 et
1078 1975 1328 2030 multiplices
1359 1977 1549 2027 virtutes,
1587 1979 1674 2032 qui-

158 2028 235 2068 bus
267 2033 471 2069 exornata
504 2034 579 2077 est,
612 2029 865 2070 uberrimam
896 2030 1135 2072 rhetoribus
1169 2033 1275 2073 artis
1306 2033 1516 2075 oratoriae
1546 2035 1674 2090 expli-

157 2085 317 2125 candae
338 2085 555 2125 materiem
577 2086 873 2138 praebuerunt.

215 2140 520 2181 Demosthenes
562 2142 729 2195 quidem
779 2157 872 2183 eam
911 2142 998 2196 ipse
1040 2158 1123 2183 non
1162 2143 1350 2192 habuita,
1393 2147 1467 2186 sed
1507 2147 1674 2202 scripsit

156 2198 345 2238 mercede
368 2197 563 2252 Euthycli
585 2199 784 2238 adversus
802 2199 1123 2248 Aristocratem,
1143 2200 1212 2254 qui
1234 2202 1497 2255 rogationem
1518 2204 1675 2246 tulerat

155 2254 197 2293 in
231 2259 379 2295 senatu
419 2255 642 2308 probatam
681 2260 724 2295 et
765 2255 818 2296 ad
858 2256 1158 2297 auctoritatem
1197 2260 1540 2310 προβουλεύματος
1577 2275 1672 2314 pro-

155 2315 326 2358 motam,
355 2315 414 2359 ut,
445 2311 478 2350 si
508 2316 604 2351 rata
630 2311 763 2359 fieret,
792 2311 893 2351 nihil
921 2312 1085 2353 deesset
1114 2313 1191 2353 nisi
1218 2314 1359 2367 populi
1391 2315 1668 2357 confirmatio.

157 2366 221 2407 Ea
251 2367 380 2407 habet
416 2367 458 2406 id
490 2367 749 2421 argumenti:
788 2368 824 2408 si
849 2369 936 2421 quis
967 2369 1250 2409 Charidemum
1281 2371 1439 2410 orizam
1473 2373 1670 2420 occiderit,

153 2437 239 2463 eum¹
262 2423 485 2463 abducendi
500 2424 573 2476 jus
588 2424 736 2477 fasque
761 2438 834 2464 esse
863 2438 910 2464 ex
936 2424 1112 2465 omnibus
1133 2425 1309 2478 ‘centibus
1322 2427 1484 2479 foedere
1510 2434 1545 2468 et
1571 2430 1672 2469 awai-

153 2480 251 2520 cz‘tz'a
272 2479 574 2520 Atheniensibus
594 2480 834 2532 consumtis,-
878 2480 943 2520 sin
965 2481 1053 2533 quis
1079 2481 1292 2522 abductum
1319 2483 1360 2522 vi
1386 2484 1567 2524 exemerit
1591 2486 1672 2526 sive

152 2536 296 2576 civitas
322 2536 462 2589 aliqua
491 2537 571 2575 sive
588 2537 795 2589 privatus,
821 2550 908 2576 eum
926 2537 1088 2590 foedere
1117 2538 1300 2578 excidere.
1363 2538 1529 2580 Scilicet
1556 2541 1671 2594 prius

155 2592 436 2632 Athenienses
467 2592 761 2633 Charidemum
797 2592 925 2632 civem
958 2594 1145 2634 fecerant
1181 2609 1301 2633 suum
1337 2594 1511 2649 aliisque
1541 2597 1670 2637 hono—

152 2648 268 2689 ribus
290 2653 555 2696 ornaverant,
572 2648 725 2702 partim
743 2650 853 2702 quod
875 2649 926 2688 de
947 2649 1116 2690 civitate
1138 2652 1241 2690 bene
1262 2651 1496 2699 meruisset,
1514 2654 1669 2706 partim

154 2706 264 2758 quod
286 2706 446 2759 majora
468 2710 509 2745 et
538 2705 698 2759 optima
720 2720 907 2759 quaeque
929 2706 983 2746 ab
1008 2721 1056 2745 eo
1085 2712 1390 2760 exspectarent.
1456 2708 1575 2748 Nunc
1603 2710 1669 2750 ille

153 2762 242 2815 ipsc
269 2763 381 2816 apud
403 2762 729 2815 Oersobleptcm,
752 2776 878 2801 unum
906 2776 928 2801 o
958 2763 1126 2816 regibus
1148 2763 1366 2812 Thraciae,
1389 2764 1506 2818 cujus
1533 2765 1668 2805 affinis

154 2822 260 2867 erat,
301 2818 510 2873 stipendia
550 2818 718 2867 faciens,
761 2818 944 2872 legatum
985 2819 1178 2860 Athenas
1222 2819 1406 2869 miserat,
1449 2821 1519 2875 qui
1558 2821 1668 2863 cives

287 2965 302 2981 a
320 2958 360 2987 V.
380 2965 642 2998 argumentorum
659 2959 822 2998 scriptores
838 2965 869 2990 et
886 2958 1017 2998 Dionys.
1036 2959 1137 2999 Epist.
1155 2960 1194 2988 ad
1212 2960 1401 2989 Aminaeum
1419 2969 1444 2989 1.
1461 2969 1486 2990 c.
1505 2969 1536 2998 4.
