1997 3256
857 673 1028 720 XXII.

406 821 806 872 ADVERSUS
864 819 1472 871 ANDROTIONEM.

757 972 1124 998 *⁴

241 1101 396 1141 ORATIO
431 1114 556 1154 quam
588 1099 786 1149 Diodoro,
820 1100 1091 1141 Euctemonis
1128 1101 1342 1154 συνηγόρῳ,
1378 1100 1576 1141 adversus
1609 1102 1697 1140 An-

183 1157 419 1198 drotionem
455 1157 691 1197 habendam
727 1156 905 1196 confecit
942 1157 1247 1197 Demosthenes
1286 1157 1420 1210 prima
1456 1161 1520 1197 est
1555 1161 1697 1198 aetate

182 1214 421 1254 orationum
452 1213 540 1267 ejus
571 1213 612 1252 in
640 1213 795 1253 caussis
826 1213 999 1267 publicis
1030 1213 1282 1261 habitarum.
1313 1213 1470 1266 scripta
1497 1213 1698 1254 archonte

184 1270 438 1319 Callistrato,
469 1269 539 1323 qui
564 1283 790 1323 eponymus
818 1269 895 1309 fuit
923 1269 1085 1323 Olymp.
1111 1272 1199 1314 106,
1226 1282 1276 1317 2.,
1300 1284 1381 1322 quo
1406 1274 1593 1323 tempore
1616 1270 1697 1309 De-

182 1326 420 1366 mosthenes
445 1339 601 1366 annum
623 1326 780 1379 agebat
807 1325 961 1366 aetatis
989 1330 1154 1366 sextum
1176 1330 1217 1365 et
1240 1325 1508 1379 vigesimum:
1542 1326 1594 1365 de
1616 1340 1697 1379 quo

183 1382 341 1422 diserto
369 1387 537 1422 constat
564 1381 805 1422 testimonio
828 1381 1018 1434 Dionysii
1047 1381 1184 1422 Halic.
1206 1381 1248 1420 in
1275 1381 1396 1434 epist.
1419 1382 1474 1421 ad
1503 1382 1698 1422 Ammae-

183 1453 253 1478 um
287 1438 318 1478 Ι.
351 1452 385 1477 c.
417 1452 456 1487 4.
484 1438 562 1478 vol.
590 1439 629 1477 6.
660 1453 699 1491 p.
730 1448 823 1488 724.
861 1438 986 1479 Οὗτος
1025 1437 1361 1490 (Demosthenes)
1403 1437 1591 1488 ἐγεννήθη
1625 1439 1699 1487 μὲν

183 1494 343 1548 ἐνιαυτῷ
380 1495 570 1545 πρότερον
605 1496 671 1544 τῆς
712 1496 921 1543 ἑκατοστῆς
954 1492 1232 1544 Ὀλυμπιάδος·
1277 1494 1469 1545 ἄρχοντος
1504 1495 1546 1532 δὲ
1580 1496 1697 1543 Τιμο-

183 1550 344 1601 κράτους
379 1550 562 1603 (Olymp.
586 1552 755 1602 1041.)
792 1551 846 1591 εἰς
887 1550 972 1591 ἔτος
1007 1549 1055 1600 ἦν
1091 1550 1320 1599 ἐμβεβηκὼς
1359 1548 1695 1589 ἑπτακαιδέκατον.

183 1607 388 1656 δημοσίους
424 1623 466 1646 τε
505 1607 649 1658 λόγους
688 1605 829 1657 ἤρξατο
864 1605 1033 1657 γράφειν
1069 1606 1132 1645 ἐπὶ
1170 1604 1470 1656 Καλλιστράτου
1511 1605 1700 1658 ἄρχοντος

184 1662 368 1716 (Olymp.
391 1664 481 1711 106,
507 1664 578 1713 2.),
601 1662 780 1702 εἰκοστὸν
807 1662 869 1702 καὶ
894 1662 1070 1712 πέμπτον
1096 1661 1199 1713 ἔχων
1225 1661 1322 1703 ἔτος·
1357 1663 1420 1701 καί
1447 1662 1555 1701 ἐστιν
1583 1662 1699 1701 αὐτοῦ

182 1723 329 1769 πρῶτος
349 1722 425 1758 τῶν
447 1720 489 1758 ἐν
514 1719 745 1771 δικαστηρίῳ
773 1717 1168 1758 κατασκευασθέντων
1193 1718 1358 1769 ἀγώνων
1378 1718 1398 1756 6
1426 1719 1521 1757 κατὰ
1540 1716 1698 1769 Ἀνδρο-

183 1775 329 1822 τίωνος,
353 1774 398 1814 ὃν
419 1774 597 1826 γέγραφε
620 1775 802 1828 Διοδώρῳ
825 1776 875 1828 τῷ
899 1775 1067 1825 κρίνοντι
1087 1774 1131 1813 τὸ
1153 1773 1343 1825 ψήφισμα
1363 1774 1599 1824 παρανόμων
1620 1777 1698 1814 etc.

183 1830 252 1870 ubi
286 1831 337 1870 de
369 1845 541 1870 numero
574 1829 721 1884 viginti
755 1830 937 1884 quinque
969 1844 1186 1878 annorum,
1219 1829 1289 1882 qui
1322 1829 1432 1869 redit
1463 1829 1571 1869 infra
1601 1844 1635 1869 c.
1659 1841 1698 1882 7.

182 1902 220 1941 p.
248 1899 342 1940 732.
377 1887 576 1938 (εἰκοστὸν
608 1887 669 1926 καὶ
699 1886 873 1936 πέμπτον
905 1886 989 1928 ἔτος
1024 1886 1127 1938 ἔχων
1158 1886 1298 1937 ἤρξατο
1331 1886 1607 1925 πολιτεύεσθαι
1638 1887 1699 1926 καὶ

183 1947 414 1995 δημηγορεῖν
447 1944 507 1982 καὶ
537 1944 680 1994 λόγους
711 1944 764 1984 εἰς
795 1942 1021 1993 δικαστήρια
1051 1942 1253 1994 γράφειν),
1276 1941 1455 1981 multum
1485 1946 1550 1982 est
1580 1941 1698 1982 dubi-

183 2003 322 2040 tatum
343 2014 367 2039 a
389 1999 485 2038 viris
515 1998 661 2046 doctis,
685 1998 758 2038 sed
782 1999 950 2046 frustra,
973 2003 1021 2038 ut
1046 1998 1226 2046 videtur,
1248 2011 1375 2051 quum
1403 2012 1486 2037 non
1513 1998 1698 2038 animad-

183 2055 405 2095 vertissent
448 2055 556 2107 ἔχειν
592 2054 677 2097 ἔτος
712 2054 962 2109 Dionysium
1001 2054 1082 2095 alio
1117 2054 1184 2094 hic
1224 2068 1347 2094 sensu
1383 2053 1538 2094 dixisse
1574 2068 1699 2107 quam

184 2111 447 2162 ἐμβεβηκέναι
476 2113 530 2153 εἰς
558 2112 654 2152 ἔτος.
718 2110 827 2151 Nam
855 2125 983 2165 quum
1010 2110 1120 2151 inter
1145 2110 1307 2164 Olymp.
1331 2123 1397 2163 99,
1419 2123 1459 2162 4.
1482 2113 1525 2150 et
1547 2112 1637 2159 106,
1662 2123 1697 2151 2.

182 2167 281 2208 anni
307 2167 417 2221 pleni
446 2167 529 2207 sint
556 2166 702 2221 viginti
729 2167 925 2221 quinque,
953 2181 1171 2207 numerum
1198 2167 1307 2206 hunc
1338 2171 1386 2206 ut
1413 2166 1699 2206 rotundiorem

182 2238 336 2278 ponere
356 2223 521 2272 licebat„
540 2223 789 2278 praesertim
810 2223 843 2263 si
862 2223 932 2278 qui
952 2223 1006 2264 ad
1028 2237 1098 2263 eos
1119 2223 1368 2263 accederent
1389 2236 1551 2263 menses
1571 2237 1699 2263 anno-

182 2294 275 2319 rum
309 2280 471 2334 Olymp.
501 2294 566 2334 99,
598 2292 638 2331 4.
673 2284 716 2320 ct
743 2281 834 2328 106,
868 2291 904 2319 2.
938 2279 1118 2320 fortasse
1150 2293 1233 2318 non
1266 2278 1482 2332 explerent
1518 2279 1700 2333 spatium

183 2336 282 2376 anni
300 2335 466 2390 integri,
484 2340 532 2376 ut
553 2336 861 2376 Demosthenes
876 2335 945 2375 illo
966 2340 1154 2389 tempore
1171 2339 1280 2375 esset
1303 2335 1531 2385 ἐμβεβηκὼς
1545 2336 1599 2376 εἰς
1616 2335 1700 2377 ἔτος

185 2392 364 2432 εἰκοστὸν
387 2393 447 2432 καὶ
474 2392 597 2439 ἕκτον,
621 2392 693 2432 sed
714 2392 897 2431 nondum
924 2406 1017 2431 eum
1041 2390 1316 2444 explevisset.
1350 2390 1700 2453 quemadmodum

184 2447 323 2502 paullo
355 2453 454 2488 ante
484 2448 537 2488 ab
564 2447 726 2501 Olymp.
750 2461 816 2501 99,
839 2460 880 2497 4.
910 2462 1040 2501 usque
1070 2448 1124 2487 ad
1146 2460 1237 2498 104,
1261 2460 1294 2486 1.
1325 2445 1423 2486 anni
1454 2446 1562 2499 pleni
1591 2461 1699 2487 com—

184 2508 390 2558 putantur
425 2504 604 2544 sedecim
635 2509 677 2544 et
708 2503 874 2557 septimi
906 2503 1054 2544 decimi
1090 2503 1267 2549 initium,
1299 2502 1410 2556 quod
1441 2501 1700 2556 significatui

186 2561 310 2600 verbo
346 2559 621 2610 ἐμβεβηκέναι.
683 2560 824 2599 Alium
859 2559 1129 2614 computandi
1165 2559 1334 2598 modum
1368 2558 1621 2598 Plutaichus
1657 2564 1700 2599 et

186 2616 341 2656 Gellius
377 2615 508 2656 secuti
544 2616 776 2656 emtionem
811 2616 918 2656 hanc
953 2630 1063 2656 anno
1098 2614 1251 2655 aetatis
1287 2614 1485 2668 vigesimo
1521 2614 1699 2668 septimo

185 2673 509 2726 adscripserunt,
545 2672 797 2712 Plutarchus
829 2673 870 2711 in
902 2672 1005 2713 Vita
1036 2671 1255 2712 Demosth.
1286 2685 1322 2710 c.
1351 2682 1427 2723 15:
1461 2673 1551 2710 Τῶν
1582 2674 1696 2721 δημο-

187 2730 281 2769 σίων
312 2731 332 2768 6
363 2731 435 2778 μὲν
471 2728 548 2768 κατ’
581 2728 857 2780 Ἀνδροτίωνος
895 2729 955 2768 καὶ
987 2727 1250 2779 Τιμοκράτους
1287 2727 1347 2766 καὶ
1379 2726 1701 2778 Ἀριστοκράτους

187 2784 330 2835 ἕτεροις
353 2785 585 2836 ἐγράφησαν
607 2786 710 2826 οὔπω
732 2801 775 2839 τη
797 2785 974 2838 πολιτεία
995 2785 1348 2836 προσεληλυθότος
1373 2786 1480 2822 δοκεῖ
1498 2785 1572 2834 γὰρ
1593 2786 1699 2823 δυοῖν

186 2839 207 2890 ἢ
234 2844 347 2891 τριῶν
376 2841 515 2881 δεοντα
544 2841 607 2891 ἔτη
636 2841 841 2892 τριάκοντα
871 2857 1041 2892 γεγοιως
1070 2838 1290 2891 ἐξενεγκεῖν
1318 2839 1404 2881 τοὺς
1432 2840 1574 2890 λόγους
1604 2840 1698 2879 ἐκεί-

188 2913 300 2944 νους.
333 2897 489 2937 Gellius
519 2902 661 2938 autem
691 2897 739 2937 N
764 2898 817 2937 A
845 2910 905 2950 15,
936 2898 998 2937 28.
1028 2896 1146 2937 Illud
1172 2895 1269 2936 culeo
1299 2894 1348 2934 ab
1378 2895 1581 2948 uniusque
1611 2909 1699 2935 ωα-

188 2953 282 2993 lorz‘s
308 2953 491 2994 studiosis
519 2954 836 2995 animadversam
867 2960 899 2993 et
929 2954 1119 3006 scriptum
1147 2958 1209 2993 est,
1241 2951 1346 3004 quod
1368 2950 1637 2992 Demosthenes
1665 2958 1700 2992 et
