1997 3256
713 156 773 195 IN
808 156 1060 196 MIDIAM.
1558 158 1640 202 769

128 264 214 300 tem
245 273 327 299 non
358 274 384 300 a
412 274 509 300 voce
539 260 615 310 μὴν
642 262 933 301 arcessendum
962 264 1089 312 (unde
1121 263 1488 317 interpretationes
1514 278 1638 316 quae—

128 316 224 356 dam
260 315 389 356 falsae
425 316 536 369 apud
571 318 902 370 grammaticos),
938 319 1009 357 sed
1043 334 1065 359 a
1100 334 1198 358 voce
1230 320 1343 369 μήνη,
1381 320 1490 366 luna,
1522 320 1640 372 cujus

127 371 359 424 composita
384 376 542 412 certam
571 372 693 413 lunae
724 373 872 427 phasin
904 374 1102 423 indicant,
1126 380 1173 415 ut
1196 376 1394 425 νουμηνία,
1419 376 1635 427 ὃιχομηνία,

125 431 254 480 atque
284 427 378 467 hinc
409 428 512 467 diem
540 443 704 482 quoquo
734 429 887 469 mensis
919 435 1092 470 certum.
1155 431 1261 470 Nam
1294 446 1372 470 vox
1408 430 1497 483 ipsa
1528 431 1637 477 ίιιηα,

125 483 360 536 antiquitus
391 483 520 523 etiam
551 484 660 524 diem
693 485 871 538 aliquem
904 486 1057 526 mensis
1091 486 1367 540 significabat,
1400 491 1447 525 ut
1478 493 1638 539 quarta,

125 539 266 592 quinta
302 539 410 587 luna,
444 539 482 579 h.
517 554 551 578 e.
585 546 751 593 quarta,
783 541 930 594 quinta
965 541 1086 581 lunae
1121 541 1275 595 phasis,
1309 542 1349 581 h.
1381 556 1415 580 e.
1449 547 1636 594 quartus,

125 594 494 690 {lgiltssumensis
539 595 695 636 lunaris
742 597 840 636 dios.
906 597 1126 647 Ἱερομηνία
1170 597 1323 650 itaque,
1366 598 1463 636 luna,
1507 611 1637 636 saera.

292 673 306 690 Α
344 683 352 691 ι

181 719 277 759 525,
297 720 334 758 9.
359 708 420 746 καὶ
441 707 484 746 τὸ
506 707 677 760 ταύταις]
709 707 852 747 Verba
874 712 1085 760 corrupta.
1136 707 1279 760 Neque
1298 707 1406 746 enim
1429 707 1506 746 hoc
1529 721 1637 745 coni-

124 763 265 815 parari
297 767 438 815 potest
464 777 557 801 cum
582 764 625 802 τὸ
650 771 673 783 “
691 764 752 803 καὶ
783 765 864 816 ἁλῷ
893 764 1041 814 φόινου”
1063 778 1102 816 p.
1127 766 1220 814 603,
1246 777 1306 802 11.
1336 763 1405 801 ubi
1438 763 1515 802 hoc
1546 763 1637 802 loeo

125 831 223 856 usus
245 823 309 858 est
326 818 548 858 Weberus.
602 819 662 858 καὶ
693 820 888 859 ταιαύταις
919 819 1049 859 codex
1073 818 1190 858 Bodl.
1214 818 1392 872 Tafylori.
1445 819 1505 858 καὶ
1534 819 1635 858 ταῦτ’

123 874 267 919 αὐταῖς,
289 881 324 914 et
351 874 398 913 ‘id
424 875 582 927 quidem
607 875 693 914 illis
721 874 819 927 ipsis
841 874 986 922 (liebus,
1010 875 1215 921 Reiskius.
1239 880 1365 921 reete.
1389 878 1436 914 ut
1458 874 1634 913 videtur.

123 928 191 968 Sic
213 944 252 982 p.
275 941 371 983 532,
395 943 457 981 14.
481 931 543 969 καὶ
564 930 667 969 ταῦτ’
687 932 729 969 ἐν
752 931 851 982 αὐτῷ
874 933 924 983 τῷ
952 932 1084 981 ἀγῶνι.
1147 930 1341 970 Dobraeo
1367 931 1493 970 verba
1523 933 1634 969 τοῦτο

123 984 154 1024 δ’
171 986 432 1025 ἐστὶ-ἐῶσιν
453 987 489 1025 οἳ
511 987 621 1034 νόμοι
643 1001 693 1025 ex
716 986 872 1025 scholio
894 987 1074 1026 conflata
1096 986 1357 1026 videbantur.

179 1053 276 1095 525,
299 1043 358 1080 18.
385 1044 496 1081 τοῦδε
523 1045 590 1081 τοῦ
611 1043 747 1094 νόμου]
788 1041 917 1091 Quem
949 1042 1094 1082 statim
1126 1042 1226 1082 dicit
1258 1043 1376 1093 ἱερὸν,
1397 1042 1422 1081 i.
1445 1057 1479 1082 e.
1503 1042 1635 1096 legem

121 1097 174 1136 de
195 1096 323 1136 sacris
347 1096 569 1151 Dionysiis.
613 1098 867 1138 SOHAEF.

183 1164 279 1206 525,
311 1165 375 1202 27.
407 1153 477 1192 τὸν
501 1154 759 1206 θεσμοθέτην]
803 1154 1037 1207 Ulpianus:
1071 1156 1107 1194 οῖ
1136 1154 1366 1204 θεσμοθέται
1394 1155 1470 1193 τὼν
1495 1170 1535 1193 τε
1567 1155 1636 1193 ἄλ-

121 1214 204 1248 λων
233 1211 496 1259 ἐπεμελοῦντο
533 1211 594 1248 καὶ
625 1210 670 1258 δὴ
702 1211 763 1249 καὶ
794 1212 860 1259 τῆς
891 1211 1109 1260 εὐκοσμίας·
1153 1211 1214 1249 καὶ
1245 1211 1390 1260 νύκτωρ
1420 1211 1637 1260 περιιόντες

121 1266 318 1304 ἐσκόπουν
343 1264 394 1315 μή
419 1281 522 1306 τινες
546 1266 718 1316 ἁρπαγαὶ
748 1267 972 1316 γίγνωνται.
1013 1267 1102 1305 τότε
1127 1267 1197 1306 οὖν
1224 1267 1345 1315 εὑρών
1370 1282 1477 1306 τινας
1504 1265 1636 1304 νεωτέ-

119 1337 209 1370 ρους
238 1320 478 1371 ἆρπάζοντας
508 1320 578 1370 τὴν
600 1322 821 1372 αὐλητρίδα,
845 1320 1046 1371 ἠβουλήθη
1075 1322 1312 1373 ἀφελέσθαι,
1335 1322 1397 1360 καὶ
1425 1323 1544 1362 οὕτως
1572 1320 1633 1360 ὑπ’

119 1377 246 1416 αὐτῶν
268 1377 430 1428 ἐπλήγη.

176 1443 272 1486 525,
295 1445 359 1483 29.
383 1434 491 1472 δεινὰ
513 1432 573 1472 καὶ
595 1431 748 1485 πολλὰ]
784 1433 1027 1486 Legebatur
1043 1435 1177 1472 πολλὰ
1200 1434 1261 1472 καὶ
1283 1432 1404 1472 δεινά.
1454 1432 1634 1485 Sequen-

118 1488 195 1528 dos
221 1503 298 1542 ego
323 1488 450 1528 libros
480 1488 679 1542 plurimos
707 1502 860 1541 eosque
890 1488 1071 1542 optimos
1101 1488 1246 1542 putavi
1278 1490 1385 1528 δεινὰ
1411 1488 1473 1527 καὶ
1501 1491 1635 1528 πολλὰ

116 1544 378 1584 exhibentes.
440 1544 518 1595 Qui
540 1545 759 1584 verborum
782 1545 885 1584 ordo
906 1544 1047 1584 multis
1074 1544 1116 1583 in
1142 1544 1241 1584 locis
1262 1544 1316 1584 ab
1337 1543 1517 1583 librariis
1540 1557 1634 1583 cum

119 1600 276 1654 vulgari
299 1600 368 1639 illo
388 1604 577 1640 mutatus
599 1614 688 1640 esse
709 1600 885 1640 videtur.
949 1600 1068 1640 Infra
1089 1615 1128 1654 p.
1150 1611 1247 1653 550.
1270 1599 1435 1648 ποιήσας
1456 1601 1565 1639 δεινὰ
1587 1600 1633 1648 νὴ

119 1658 198 1696 Δία
221 1657 282 1696 καὶ
302 1658 450 1702 πολλὰ,
474 1657 544 1696 ubi
566 1657 728 1709 aliquot
748 1656 841 1696 libri
865 1656 910 1706 νὴ
933 1658 1011 1696 Δία
1032 1658 1140 1696 δεινὰ
1163 1657 1224 1695 καὶ
1245 1673 1285 1695 π.
1337 1655 1385 1694 Ρ.
1408 1657 1504 1708 563.
1526 1655 1634 1709 lege-

117 1712 245 1752 batur
275 1715 409 1752 πολλὰ
440 1713 501 1752 καὶ
533 1715 641 1752 δεινὰ
671 1714 893 1762 πεποίηκεν.
956 1712 1086 1752 Recte
1117 1712 1278 1764 aliquot
1308 1711 1400 1750 libri
1433 1713 1541 1750 δεινὰ
1570 1712 1632 1750 καὶ

116 1768 260 1808 πολλά.
320 1768 368 1808 Ρ.
389 1769 483 1821 983.
506 1768 726 1822 legebatur
746 1769 813 1807 τόν
833 1785 878 1819 γε
901 1767 1008 1808 δεινά
1030 1784 1076 1807 σε
1099 1768 1159 1807 καὶ
1180 1767 1338 1819 μεγάλα
1360 1766 1633 1817 εἰργασμένον.

119 1823 210 1878 Ego
237 1838 287 1863 ex
318 1823 345 1863 S
372 1824 481 1864 δεινά
512 1841 559 1864 σε
591 1826 653 1863 καὶ
680 1823 825 1863 πολλά.
888 1823 1098 1863 Isocrates
1121 1823 1271 1863 Helen.
1294 1838 1333 1876 p.
1357 1824 1435 1862 180
1456 1836 1492 1861 e.
1516 1821 1630 1862 HSt.

116 1882 225 1919 δεινὰ
252 1880 313 1919 καὶ
339 1882 473 1919 πολλὰ
498 1884 637 1919 ποιεῖν.
699 1879 915 1919 Bekkerus
940 1894 990 1918 ex
1014 1879 1224 1919 Urbinate
1255 1880 1388 1918 πολλὰ
1422 1877 1482 1916 καὶ
1513 1877 1630 1916 δεινά.

118 1935 402 1976 Dicaearchus
434 1935 473 1974 in
504 1935 699 1975 Hudsoni
723 1934 985 1989 Geographis
1006 1935 1084 1974 vol.
1110 1947 1146 1973 2.
1168 1949 1207 1987 p.
1231 1948 1269 1985 9.
1303 1935 1363 1973 καὶ
1396 1933 1507 1983 ἕτερα
1538 1935 1579 1972 δὲ
1610 1934 1632 1983 ἡ

114 1992 230 2033 πόλις
251 1992 345 2041 ἡδέα
367 1993 450 2044 ἔχει
478 1992 539 2031 καὶ
560 1991 704 2031 πολλά.
757 1993 859 2030 καλὰ
893 1991 954 2030 καὶ
980 1993 1113 2030 πολλὰ
1133 1990 1206 2030 vit.
1231 1988 1406 2029 Homeri
1430 1988 1508 2027 vol.
1529 1999 1568 2042 5.
1592 2004 1631 2042 p.

118 2049 198 2088 226
223 2047 323 2086 ΕΓΗ.
386 2047 435 2087 In
467 2047 658 2087 Platonis
691 2046 868 2086 Politico
893 2061 931 2100 p.
957 2049 1037 2088 262
1062 2046 1172 2086 HSt.
1196 2046 1289 2097 πρὸς
1319 2046 1452 2083 πολλὰ
1478 2046 1538 2083 καὶ
1567 2062 1633 2094 με·

115 2103 233 2154 γάλα,
256 2109 369 2143 recte
396 2103 491 2143 libri
521 2103 711 2142 meliores
732 2103 829 2153 πρὸς
852 2101 1008 2154 μεγάλα
1030 2103 1091 2141 καὶ
1112 2101 1258 2141 πολλά.
1320 2100 1387 2140 Sic
1411 2099 1630 2139 Demosth.

114 2173 154 2212 p.
178 2170 274 2213 951.
297 2159 482 2210 μεγάλων
505 2160 566 2198 καὶ
586 2162 749 2198 πολλῶν
770 2159 907 2197 ὄντων.
959 2157 1076 2198 Conf.
1096 2157 1281 2196 Lobeck.
1302 2155 1485 2208 paralip.
1504 2170 1543 2208 p.
1562 2158 1629 2195 60.

171 2216 268 2268 526,
292 2225 332 2268 5.
362 2218 422 2254 δεῖ
442 2215 598 2267 μέλειν]
638 2214 718 2253 Est
749 2214 858 2253 idem
889 2217 1017 2266 atque
1041 2213 1220 2263 μελήσει.
1281 2212 1372 2251 Aut
1402 2215 1544 2264 potest,
1574 2210 1631 2251 sic

114 2270 245 2310 verti:
281 2271 317 2310 si
351 2271 507 2324 quidem
542 2270 646 2309 tueri
681 2269 801 2309 vultis
824 2270 989 2321 famam
1024 2269 1136 2314 Ῐιοιηο,
1169 2275 1212 2308 ut
1241 2267 1440 2307 dicamini
1468 2266 1632 2306 salutem

105 2325 315 2379 publicam
343 2341 498 2366 curare.
532 2325 727 2365 REISK.
789 2325 947 2364 Verte:
980 2325 1015 2364 si
1039 2324 1195 2377 quidem
1216 2323 1336 2362 vestri
1356 2322 1475 2373 officii
1494 2328 1548 2362 est
1568 2336 1631 2361 cu-

114 2395 209 2422 rare
228 2382 391 2422 salutem
404 2381 624 2435 publicam.
671 2379 922 2421 SOHAEF.

172 2440 268 2491 526,
291 2450 353 2476 10.
383 2437 428 2476 δι’
449 2437 596 2488 ἐκεῖνα]
637 2436 754 2486 Quae
788 2435 943 2474 Midias
979 2434 1090 2474 dicet
1126 2434 1230 2474 alios
1265 2433 1307 2472 in
1342 2432 1446 2472 alios
1481 2437 1628 2472 contu-

114 2493 285 2532 meliosa
321 2497 524 2546 patrasse.
586 2492 717 2531 Decet
748 2505 820 2529 vos
857 2490 1034 2529 Midiam
1071 2504 1153 2528 non
1185 2489 1309 2528 modo
1345 2492 1519 2540 propter
1554 2502 1630 2528 sua

113 2548 301 2596 crimina,
320 2549 392 2587 sed
413 2548 539 2587 etiam
561 2552 734 2600 propter
754 2546 824 2585 illa
846 2545 982 2585 aliena
1003 2545 1162 2598 punire.
1205 2543 1399 2583 REISK.

172 2609 268 2658 526,
290 2618 303 2643 Ι
320 2618 352 2643 ῐ.
376 2603 399 2658 ᾗ
425 2605 546 2643 πλείω
577 2604 637 2642 καὶ
667 2602 800 2655 μείζω]
836 2601 1002 2641 Scilicet
1027 2603 1146 2640 ταῦτα
1173 2602 1220 2638 τὰ
1247 2603 1323 2638 τῶν
1344 2599 1479 2638 ἄλλων
1501 2598 1629 2647 ἀδική-

114 2677 231 2709 ματα.
279 2660 447 2710 Quanto
473 2659 592 2711 plura
620 2657 703 2697 sint
731 2670 903 2695 numero
931 2655 1000 2695 illa
1025 2655 1185 2708 flagitia
1209 2655 1262 2694 ab
1284 2653 1376 2694 aliis
1398 2653 1627 2701 commissa,

116 2715 267 2768 quibus
294 2715 524 2768 allegandis
548 2713 704 2753 Midias
733 2726 808 2751 sua
830 2712 1034 2751 dedecora
1056 2711 1191 2750 velare
1211 2715 1255 2749 et
1276 2723 1476 2749 excusare
1505 2723 1628 2748 cona-

115 2770 245 2810 bitur.
288 2771 484 2810 REISK.

173 2827 270 2879 526,
291 2839 352 2865 12.
377 2826 528 2879 ἐατέον]
561 2826 657 2864 Non
678 2830 731 2863 est
744 2823 989 2876 puniendus.
1035 2821 1294 2860 SCHAEF.

174 2883 271 2934 526,
295 2892 355 2933 17.
378 2883 520 2932 τρόπου
542 2879 764 2932 προπετείᾳ]
798 2878 925 2917 Solita
948 2876 1174 2916 temeritate.
1217 2876 1282 2915 SC
1292 2874 1477 2914 HAEF.

175 2937 606 2988 φθάσαι-ἁμαρτὼν]
663 2934 956 2974 Revocandum
998 2932 1167 2984 φθάσας,
1204 2931 1314 2984 quod
1353 2930 1394 2969 in
1435 2929 1524 2969 aliis
1561 2945 1626 2969 co-

862 3005 886 3027 N
