1997 3256
492 151 812 192 ADVERSUS
848 150 1266 192 TIMOCRATEM.
1553 154 1638 197 979

122 257 266 297 nomae
295 256 392 311 {eyes
418 258 693 310 perferantur,
718 256 877 309 publice
898 257 1127 309 propositas
1157 271 1233 297 77077
1266 256 1404 311 ῖθῃαητ,
1436 256 1516 296 777‘37‘
1534 257 1644 310 jbrte

109 312 307 366 fmudem
327 314 630 365 praesenserint„
654 313 784 367 legarant
811 313 883 353 soli
910 314 954 359 7'7‘.
977 314 1047 367 qui
1073 327 1209 367 susque
1236 313 1355 366 deque
1375 312 1527 361 habent,
1549 311 1645 353 tales

121 369 222 422 {eyes
246 370 514 422 pmjferantm·
546 384 613 409 7ze0
645 384 706 409 77e.
748 371 854 409 ἀλλὰ
886 370 1120 421 γράψασθαι
1153 370 1198 419 νὴ
1233 370 1302 409 Δί’
1334 370 1501 409 ἕκαστον
1534 369 1643 408 ἔστιν

122 438 231 464 nova
258 430 322 465 est
347 425 527 477 ὑποφορά
551 426 730 479 (Wolfio
751 426 888 465 minus
917 430 1029 465 recte
1058 425 1172 465 dieta
1201 425 1486 478 ἀνθυποφορά),
1510 424 1642 464 indice

121 480 250 520 etiam
277 482 454 522 formula
486 481 642 522 solenni
674 482 719 532 νὴ
748 483 838 521 Δία.
902 481 1007 521 Post
1037 482 1228 531 πεποίηκα
1258 481 1447 534 sequitur
1477 482 1643 521 ἀνθυπο-

121 537 240 588 φορά.
276 536 527 578 SCHAEF.

181 603 275 643 711,
301 605 364 648 2.5
395 594 443 634 ἂν
471 593 678 644 ἀπαλλάξῃ
706 593 778 647 τις]
810 593 859 632 187
884 593 971 647 quis
997 593 1202 640 amoverit,
1226 606 1474 645 quocunque
1501 592 1543 632 id
1565 591 1643 632 fiat

121 649 258 698 modo,
282 664 364 689 non
387 654 552 690 tantum
579 650 895 702 corrumpendo.
956 649 1069 688 Bene
1091 650 1281 688 Zonaras
1302 663 1341 701 p.
1366 658 1461 702 255.
1493 647 1644 688 Ἀπαλ-

119 705 256 754 λάξας.
290 707 376 746 ἀντὶ
406 710 473 745 τοῦ
503 708 643 747 πείσας
674 708 901 755 ἀποστῆναι.
950 705 1003 744 *x
1029 705 1285 758 Halpocrwt
1318 718 1348 743 s.
1372 718 1408 743 v.
1437 705 1552 755 ἀφείς
1583 704 1643 743 καὶ

119 761 367 812 ἀπαλλάξας.
401 762 653 803 SCHAEF.
715 762 854 812 Quum
893 778 948 803 τις
987 761 1040 801 ab
1080 761 1128 800 F.
1162 761 1204 800 S.
1245 760 1370 808 absit,
1412 759 1644 814 ἀπαλλάξῃς

118 817 269 870 conjici
305 823 460 871 potest.
536 818 604 858 Sic
640 817 812 867 πατάξῃς
846 832 897 857 ex
934 817 976 857 S.
1012 816 1258 857 restitutum
1292 831 1332 870 p.
1364 829 1432 870 51,
1467 817 1532 856 26.
1567 830 1643 870 pro

121 873 292 927 vulgato
317 874 467 929 πατάξῃ
493 891 562 916 τις.

180 929 250 969 τὸν
272 930 506 984 ἐπιστάντα]
526 930 595 970 τὸν
610 929 872 981 γραψάμενον
894 929 955 969 καὶ
973 930 1237 980 ἀκυρώσοντα.
1266 928 1326 966 ἵν
1331 927 1459 968 OLF.

183 996 277 1036 712,
306 999 339 1025 Ι.
362 985 610 1040 διαφθείρας]
644 985 830 1026 Subaudi
859 985 1007 1027 πάντας
1034 987 1144 1035 ὑμᾶς
1180 985 1375 1025 REISK.
1417 985 1645 1036 διαφθείρας

120 1041 271 1082 definit
304 1043 540 1096 generalem
576 1042 789 1082 notionem
824 1041 996 1082 alterius
1032 1041 1254 1096 participii,
1293 1040 1535 1104 ἀπαλλάξας.
1588 1039 1644 1079 V.

122 1103 210 1138 not.
232 1098 285 1138 ad
313 1113 351 1152 p.
377 1111 470 1150 711,
497 1110 559 1151 25.
625 1099 779 1138 Sensus
807 1098 929 1151 hujus
956 1098 1058 1138 loci:
1091 1099 1143 1138 A
1139 1112 1220 1138 emo
1241 1112 1343 1138 unus
1370 1097 1474 1136 enim
1494 1110 1559 1136 vos
1578 1110 1645 1136 neo

120 1154 356 1208 decipiendo
382 1169 452 1195 nec
480 1169 568 1195 0077ae
573 1155 760 1208 mnpendo
779 1169 1010 1208 pmmovere
1028 1155 1168 1207 possit,
1197 1161 1241 1195 ut
1266 1154 1439 1195 deterim
1440 1167 1498 1193 em
1525 1153 1645 1208 leyem

122 1210 553 1265 melior'ipraefercctzs.
588 1212 849 1251 SCHAEF.

184 1277 277 1319 712,
303 1279 340 1320 7.
373 1267 536 1321 ἅπασιν]
565 1268 751 1307 ἀπαίσιον
780 1267 873 1307 libii
902 1267 1062 1320 aliquot
1083 1267 1300 1321 plaebent,
1322 1280 1465 1307 vocem
1486 1269 1643 1314 natam,

122 1328 172 1363 ut
200 1323 360 1377 opinor,
388 1338 410 1363 e
437 1324 640 1378 proxima.
683 1325 865 1366 ἀπαίσιος
893 1323 1075 1363 citer’i01i
1105 1322 1338 1363 Giaecitati
1367 1322 1470 1363 satis
1498 1327 1646 1362 notum

121 1378 230 1419 fuit:
265 1384 313 1420 ut
334 1394 416 1419 non
444 1380 524 1420 mir
526 1380 633 1420 abile
654 1379 709 1420 sit
733 1381 787 1420 ad
808 1380 935 1420 talem
963 1380 1143 1433 sc1iptul
1144 1394 1212 1420 am
1233 1379 1419 1419 abenari
1441 1379 1643 1433 potuisse.

125 1435 179 1475 V.
203 1441 290 1476 not.
321 1437 377 1476 ad
409 1436 662 1490 Heusincrffli
694 1437 848 1490 Aesop.
881 1452 921 1491 p.
948 1450 1038 1491 149.
1068 1435 1166 1476 edit.
1191 1435 1304 1489 Lips.
1337 1435 1427 1475 coll.
1456 1435 1643 1475 Boisson.

121 1492 179 1532 ad
202 1492 357 1533 Marin.
380 1508 419 1547 p.
443 1507 534 1544 141.
567 1470 677 1533 §CH
684 1492 817 1532 A.EF

181 1560 370 1612 71.2.,1·3.
415 1551 554 1600 νόμους
587 1550 709 1590 abest
743 1550 796 1589 ab
833 1548 993 1602 aliquot
1030 1548 1252 1589 codicibus.
1330 1547 1472 1588 Male:
1514 1561 1647 1601 neque

123 1605 235 1645 enim
256 1620 358 1658 opus
381 1611 444 1646 est
473 1610 521 1646 ut
545 1605 633 1657 παρ’
656 1607 787 1648 οἵους
814 1606 915 1645 οἷον
941 1605 1250 1645 continuentur.
1311 1604 1537 1658 Sophocles
1560 1604 1647 1644 An-

123 1661 200 1716 tig.
232 1674 327 1714 942.
364 1663 438 1702 οἶα
472 1662 569 1713 πρὸς
604 1663 711 1702 οἵων
746 1663 898 1712 ἀνδρῶν
933 1662 1088 1713 πάσχω.
1151 1661 1320 1715 Longus
1355 1676 1395 1715 p.
1423 1673 1514 1714 125.
1545 1660 1646 1702 edit.

126 1717 241 1772 Lips.
275 1718 370 1760 οἷος
401 1718 455 1758 ὢν
485 1720 593 1758 οἵων
625 1720 706 1771 ἐρᾷ.
768 1718 968 1758 Similiter
1000 1718 1125 1757 Plato
1156 1717 1322 1757 Menex.
1350 1731 1390 1770 p.
1415 1729 1508 1768 244.
1533 1716 1645 1757 HSt.

123 1775 182 1816 ὡς
208 1775 249 1814 εὖ
270 1776 460 1817 παθόντες
481 1774 542 1814 ὑπ’
566 1775 679 1824 αὐτῆς
709 1776 812 1814 οἵαν
837 1774 952 1826 χάριν
974 1774 1186 1814 ἀπέδοσαν.
1221 1772 1473 1814 SCHAEF.

185 1842 278 1883 712,
309 1832 368 1870 18.
400 1830 492 1870 Ἐπὶ
522 1833 588 1880 τῆς
620 1832 876 1872 Πανδιονίδος
907 1848 939 1870 κ.
963 1847 994 1870 τ.
1018 1830 1073 1883 λ.]
1097 1829 1151 1869 V.
1183 1844 1222 1883 p.
1248 1840 1343 1882 723,
1371 1843 1434 1878 10,
1463 1828 1534 1869 ubi
1566 1829 1645 1869 for-

124 1887 238 1927 mula
268 1887 371 1927 haec
402 1887 593 1936 iteratur,
626 1887 698 1926 sed
730 1886 918 1941 exemplo
953 1886 1139 1926 nonnihil
1171 1886 1225 1926 ab
1258 1886 1336 1926 hoc
1367 1885 1645 1940 discrepante.

126 1942 322 1983 REISK.

186 2011 279 2052 712,
304 2012 369 2039 21.
403 2018 424 2049 η
458 2000 501 2040 τὸ
536 1999 677 2039 λοιπὸν
712 2000 971 2054 προστιμηθη]
1008 2000 1174 2053 Legunt
1209 1997 1393 2039 nonnulli
1426 2002 1470 2037 et
1501 1997 1569 2038 hic
1603 2002 1646 2038 et

124 2055 236 2096 infra,
270 2070 307 2109 p.
343 2068 437 2109 713,
476 2068 537 2095 12.
574 2057 864 2107 προστιμηθείη.
898 2056 1025 2096 TAY
1032 2056 1159 2095 LOR.
1211 2057 1452 2108 προστιμηθῆ
1492 2053 1647 2108 legitur

124 2112 255 2152 etiam
286 2127 326 2166 p.
354 2124 448 2166 723,
477 2123 540 2166 15.
576 2113 669 2165 726,
696 2125 732 2152 2.
795 2112 854 2152 Et
884 2113 961 2152 hoc
993 2127 1067 2152 suo
1098 2112 1140 2151 in
1170 2111 1276 2151 libro
1308 2110 1456 2151 habuit
1477 2111 1647 2164 Anony-

125 2182 230 2217 mus,
263 2169 380 2222 cujus
411 2173 475 2209 est
506 2173 798 2222 argumentum
829 2169 1050 2223 posterius.
1093 2169 1148 2207 V.
1181 2183 1219 2222 p.
1243 2169 1339 2221 696,
1365 2168 1430 2207 28.
1491 2166 1577 2207 Sed
1606 2167 1649 2207 in

128 2225 293 2265 Libanii
321 2225 427 2265 libro
449 2225 613 2265 videtur
638 2225 763 2265 fuisse
785 2227 1076 2276 προστιμηθείη.
1100 2225 1155 2264 V.
1175 2239 1215 2278 p.
1239 2226 1334 2277 694,
1359 2225 1395 2263 6.
1458 2223 1648 2278 Vulgata

127 2281 233 2321 bene
261 2282 401 2321 habet.
464 2281 626 2321 Eodem
647 2282 770 2322 modo
798 2282 1085 2335 subjunctivus
1107 2281 1294 2335 sequitur
1314 2279 1585 2319 indicativum
1605 2280 1648 2319 in

125 2337 210 2377 alia
233 2337 482 2378 Timocratis
504 2338 592 2391 lege
614 2353 653 2391 p.
678 2350 774 2390 720,
799 2352 857 2390 19.
883 2336 1103 2387 ὁπόσοι-ἢ
1127 2341 1196 2377 νῦν
1221 2337 1343 2376 εἰσὶν
1364 2338 1408 2376 ἐν
1429 2339 1480 2389 τῷ
1501 2338 1649 2385 δεσμω-

127 2395 255 2446 τηρίῳ,
287 2393 310 2443 ἦ
341 2394 384 2433 τὸ
413 2394 556 2433 λοιπὸν
588 2398 883 2441 κατατεθῶσι,
915 2394 976 2433 καὶ
1002 2395 1053 2443 μὴ
1084 2394 1389 2446 παραδοθῇ-.
1452 2391 1649 2432 Vicissim

127 2449 378 2490 indicativus
414 2449 602 2503 sequitur
636 2450 945 2503 subjunctivum
982 2450 1022 2488 in
1059 2449 1298 2503 syngrapha
1328 2463 1367 2502 p.
1390 2459 1484 2499 927,
1509 2458 1546 2501 7.
1580 2449 1649 2488 ἐὰν

125 2507 171 2546 δέ
201 2523 237 2546 τι
264 2508 286 2557 ἡ
320 2509 411 2547 ναῦς
442 2506 560 2559 πάθῃ
591 2506 819 2555 ἀνήκεστον,
842 2530 909 2554 —,
934 2509 1103 2556 σωτηρία
1131 2506 1163 2545 δ’
1188 2506 1319 2544 ἔσται
1349 2508 1425 2544 τῶν
1448 2504 1648 2554 ὑποκειμέ-

127 2579 217 2611 νων,
241 2587 311 2601 -—.
347 2561 553 2615 quomodo
590 2562 893 2616 corrigendum.
959 2562 1222 2614 videturque
1259 2560 1516 2600 constructio
1547 2560 1648 2600 haec

126 2619 422 2670 σολοικοφανὴς
452 2618 593 2657 sedem
620 2618 812 2658 habuisse
841 2618 1053 2672 propriam
1074 2618 1114 2658 in
1137 2616 1292 2658 tabulis
1319 2616 1456 2670 legum
1484 2620 1527 2656 et
1555 2630 1650 2656 con-

128 2679 355 2715 tractuum.
389 2673 641 2714 SCHAEF.

188 2743 282 2784 712,
308 2743 372 2771 22.
406 2747 595 2782 εγγυητας
627 2747 936 2780 Καταστησαι-,
959 2730 982 2779 ἠ
1013 2747 1088 2780 μην
1119 2730 1303 2781 εκτίσειν]
1340 2728 1587 2768 Herodotus
1615 2742 1647 2778 1,

133 2789 226 2840 196.
250 2787 810 2839 ἐγγυητας-καταστησαντα,
833 2787 856 2836 ἣ
877 2803 952 2836 μην
975 2802 1234 2835 συνοικησειν.
1268 2784 1518 2824 SCHAEF.

190 2854 284 2895 712,
310 2855 374 2896 23.
398 2842 640 2896 ὀφληματος]
664 2842 928 2892 ὀφειληματος
951 2842 992 2882 S.
1015 2856 1047 2882 r.
1113 2841 1274 2881 Eadem
1301 2839 1490 2879 lectionis
1517 2839 1650 2880 diver-

130 2899 236 2939 sitas
258 2914 298 2953 p.
323 2899 590 2951 768,29.(111
612 2898 748 2938 veihis
771 2898 805 2938 L
810 2898 954 2949 ibanii)
978 2903 1055 2938 et
1043 2913 1110 2951 ap.
1134 2896 1352 2937 Demosth.
1374 2911 1414 2950 p.
1437 2906 1555 2949 1047,
1580 2898 1645 2938 28.

132 2955 411 2995 Grammatici
442 2955 542 2995 hacc
572 2955 629 2995 sic
657 2954 922 3007 distinouunt
951 2961 997 2994 ut
1025 2957 1186 3006 ὄφλημα
1214 2952 1268 2993 sit
1295 2953 1338 2992 τὸ
1366 2955 1408 2992 ἐκ
1436 2953 1648 3003 καταδίκης,

838 3028 857 3045 ‹
879 3025 899 3045 0
921 3013 946 3035 0
