1997 3256
444 153 506 193 IN
539 153 899 193 ORATIONEM
939 152 1312 192 LEPTINEAM.
1552 152 1637 196 619

177 259 373 314 Sequitur
394 258 653 306 trierarchia,
675 272 779 298 onus
802 257 898 298 olim
919 257 1132 297 molestius
1149 262 1191 297 et
1212 254 1466 296 sumtuosius
1488 256 1637 296 ceteris
1653 256 1735 294 100

119 317 322 363 omnibus,
346 316 473 356 etiam
502 315 636 362 hodie,
661 329 899 368 quanquam
928 314 1016 353 sine
1046 318 1198 361 sumtu,
1228 312 1580 360 molestissimum,
1604 312 1638 352 si

119 373 210 425 quis
250 373 457 412 rationem
497 372 587 425 ejus
623 371 789 424 penitus
823 384 1073 423 cognoscere
1112 369 1269 423 cupiat.
1333 368 1494 422 Quippe
1532 383 1638 422 quae

118 429 273 482 passim
294 433 456 468 veteres
478 428 528 467 de
550 442 599 467 ea
624 427 832 475 dixerunt,
856 427 1077 480 diligenter
1102 426 1142 464 in
1168 440 1297 464 unum
1318 426 1528 465 conducta
1548 439 1639 465 cae-

117 499 208 525 cam
235 485 395 525 faciunt
420 484 569 524 molem
602 498 753 529 rerum,
777 483 841 523 cui
869 483 970 522 lucis
998 481 1156 536 aliquid
1177 481 1326 521 afferre
1353 481 1638 520 difficillimum

117 546 194 581 est.
259 541 366 580 Nam
400 555 526 594 quum
557 540 681 580 aliam
714 540 807 579 aliis
841 538 1099 592 temporibus
1130 537 1403 577 trierarchiae
1432 537 1639 577 rationem

117 597 242 637 fuisse
278 602 498 650 totumque
531 597 716 636 ordinem
756 595 982 635 identidem
1025 594 1294 633 immutatum
1335 608 1424 632 esse
1461 598 1637 641 constet,

118 654 266 694 harum
300 653 639 693 immutationum
673 652 734 691 vol
768 651 879 690 nulla
914 650 974 689 vel
1011 649 1256 689 tenuissima
1290 649 1410 687 nobis
1447 648 1485 687 11]
1523 649 1639 689 1111115

118 714 304 750 veterum
327 710 502 763 vestigia
524 709 668 748 relicta
689 712 800 747 511111.
864 707 912 745 11]
934 706 998 745 1115
1019 711 1161 745 autem
1183 706 1306 744 rebus
1329 719 1449 744 nemo
1471 705 1640 759 ignorat

117 781 242 819 quam
266 781 415 819 parum
437 765 604 813 sciatur,
628 763 706 803 nisi
729 763 820 817 quis
849 767 1040 815 tempora
1061 761 1165 801 sciat
1195 766 1238 801 ct
1265 761 1319 801 ad
1342 776 1497 800 anmnn
1519 776 1639 800 suum

119 823 313 876 quodque
341 821 563 875 redegerit.
626 820 747 871 Quod
775 819 815 859 ni
841 819 930 865 fiat,
961 833 1011 858 110
1040 818 1081 857 1(1
1110 817 1276 872 quidem
1306 818 1412 857 bene
1440 818 1639 870 explicari

117 879 290 932 poterit,
312 878 411 932 quid
434 878 488 918 sit
509 876 777 917 trierarchus.
839 875 953 914 Nihil
982 874 1091 914 enim
1119 889 1195 913 1105
1212 874 1344 927 juvat,
1369 874 1401 913 si
1430 874 1521 927 quis
1546 888 1638 913 cum

117 935 238 989 vulgo
274 939 432 983 narrat,
470 934 600 974 civem
633 947 734 981 esse,
764 932 832 986 qui
867 946 1013 971 navem
1044 930 1248 977 bellicam,
1277 935 1539 970 armamenta
1570 934 1730 973 lia-10]

117 991 236 1039 valia,
270 991 460 1045 remiges,
492 990 574 1031 alia
601 990 690 1043 ejus
715 988 880 1042 generis
910 987 1165 1042 praebuerit.
1228 987 1314 1026 Nos
1344 986 1472 1040 igitur
1501 987 1639 1040 dispu-

116 1047 323 1088 tationem
344 1052 532 1087 nostram
553 1046 613 1086 ita
634 1045 912 1093 instituemus,
936 1049 983 1084 ut
1009 1044 1189 1098 primum
1218 1043 1362 1098 paucis
1391 1058 1640 1096 quaeramus

118 1104 169 1144 de
199 1103 436 1157 antiquiore
466 1108 621 1149 aetate,
655 1107 745 1142 tum
777 1101 922 1142 ordine
954 1115 1209 1149 enarremus,
1243 1114 1349 1154 quae
1380 1100 1512 1139 nostri
1537 1100 1640 1141 Ora-

118 1160 221 1200 toris
243 1160 406 1200 saeculo
427 1164 594 1200 mutata
615 1174 705 1199 esse
728 1159 962 1199 videantur.

174 1217 277 1257 Jam
299 1216 628 1271 quadringentos
659 1215 756 1255 olim
787 1215 842 1255 ad
870 1214 1124 1254 functionem
1153 1212 1426 1253 trierarchiae
1455 1228 1543 1253 esse
1572 1214 1640 1253 de-

117 1273 248 1314 lectos
279 1274 392 1327 apud
424 1288 551 1312 unum
589 1273 919 1326 Xenophontem
956 1270 1183 1324 legimusm.
1247 1270 1330 1310 Sed
1360 1268 1460 1308 nihil
1492 1269 1557 1309 1110
1589 1270 1639 1310 (10

116 1329 283 1370 ratione
305 1329 524 1384 deligendi,
548 1329 660 1378 nihil,
684 1332 867 1382 quantae
889 1327 969 1367 illis
989 1341 1112 1367 curae
1135 1326 1277 1366 classis
1298 1325 1438 1365 fuerit.
1490 1326 1640 1381 ltaque

117 1386 348 1426 advocandi
378 1391 476 1426 sunt
504 1385 696 1439 supparis
723 1384 878 1425 aetatis
906 1387 1049 1431 testes,
1073 1382 1383 1436 Aristophanes
1409 1387 1451 1422 et
1478 1382 1640 1437 Thucy-

118 1443 277 1483 didcsfl.
340 1443 524 1494 Quorum
546 1443 629 1482 fide
657 1442 733 1481 hoc
762 1455 917 1494 ponere
938 1445 1099 1480 certum
1126 1439 1234 1486 licet,
1258 1439 1352 1478 belli
1383 1439 1640 1492 Peloponne-

118 1499 218 1540 siaci
240 1503 430 1553 tempore
451 1498 704 1539 trierarchos
733 1512 858 1538 naves
887 1496 1095 1550 accepisse
1117 1495 1167 1535 de
1195 1495 1361 1549 publico
1382 1495 1638 1545 aedificatas,

117 1555 303 1610 nihilque
332 1555 446 1596 aliud
477 1555 531 1595 ab
562 1555 661 1609 ipsis
694 1558 891 1594 exactum
922 1567 1023 1601 esse,
1054 1551 1132 1592 nisi
1164 1557 1211 1592 ut
1243 1566 1367 1591 naves
1398 1551 1570 1606 remigio
1598 1558 1640 1593 et

117 1612 389 1653 armamentis
417 1612 675 1652 instruerent
705 1614 1020 1663 tuerenturque.
1090 1609 1152 1648 Ne
1183 1609 1338 1648 victum
1371 1609 1538 1662 quidem
1565 1615 1640 1650 aut

118 1669 373 1723 stipendium
395 1668 620 1709 classiariis
642 1668 742 1708 dare
763 1666 930 1707 videtur
955 1666 1215 1706 trierarchus
1237 1665 1454 1705 debuisse:
1488 1665 1522 1705 51
1548 1665 1639 1720 (11115

118 1725 221 1766 haec
242 1725 303 1765 vel
327 1725 455 1766 etiam
479 1725 561 1765 alia
584 1724 704 1778 plura
725 1738 776 1764 ex
801 1723 966 1777 privato
987 1722 1184 1771 addebat,
1208 1721 1436 1762 liberalitas
1462 1736 1511 1762 ea
1534 1726 1637 1771 erat,
1654 1726 1736 1765 102

119 1796 202 1821 non
223 1796 373 1821 munus
394 1782 483 1836 lege
504 1781 759 1835 impositum.
801 1780 962 1819 Verum
983 1779 1050 1819 hic
1068 1793 1232 1832 quoque
1254 1778 1463 1818 interdum
1481 1779 1639 1819 factum

118 1843 195 1887 est,
218 1843 266 1878 ut
287 1838 396 1878 cives
418 1842 667 1892 cogerentur
696 1837 800 1891 plus,
824 1851 950 1891 quam
981 1835 1288 1889 praescriptum
1314 1839 1356 1874 et
1388 1835 1640 1889 imperatum

119 1899 240 1943 esset,
263 1894 514 1948 impendere.
578 1894 744 1934 Scilicet
777 1892 975 1946 Strategi,
1006 1891 1075 1945 qui
1106 1891 1294 1931 malevoli
1324 1896 1463 1931 essent
1496 1891 1535 1930 in
1564 1892 1638 1931 ali-

119 1965 254 2005 quem,
278 1966 424 1991 navem
446 1951 482 1990 ei
504 1951 737 1991 attribuere
759 1949 950 1989 solebant
972 1948 1165 1988 vitiosam
1191 1952 1233 1988 et
1260 1947 1509 1995 mutilatam,
1534 1963 1640 2001 quae

120 2008 427 2061 quamprimum
448 2007 561 2047 refici
585 2022 633 2047 ac
661 2011 829 2047 tantum
855 2020 937 2044 non
967 2005 1017 2045 de
1046 2004 1210 2058 integro
1231 2003 1428 2044 fabricari
1455 2004 1640 2045 deberet.

120 2063 301 2104 Omnino
322 2068 456 2118 putes,
475 2064 565 2117 jam
587 2069 678 2104 tum
699 2061 990 2103 trierarchiam
1010 2061 1150 2115 magni
1174 2065 1335 2101 sumtus
1356 2060 1482 2100 fuisse
1494 2070 1524 2100 0.

177 2120 474 2160 Demosthenis
502 2124 645 2161 autem
667 2124 811 2160 aetate
838 2133 904 2159 res
932 2118 1071 2172 plures
1099 2117 1449 2158 commutationes
1478 2117 1639 2166 habuit,

119 2176 244 2217 variis
267 2177 425 2231 legibus
446 2177 529 2217 alio
550 2181 679 2230 atque
700 2176 780 2217 alio
802 2175 926 2214 modo
948 2178 1234 2228 comparatap.
1298 2174 1494 2228 Inprimis
1517 2189 1641 2228 saepe

120 2247 315 2273 numerus
351 2233 564 2273 hominum
597 2233 667 2273 uni
703 2232 796 2272 navi
832 2231 1135 2272 attributorum
1168 2230 1361 2279 variavit,
1397 2245 1473 2284 pro
1509 2245 1558 2270 eo
1593 2235 1642 2270 ut

119 2290 320 2344 temporis
345 2290 566 2330 difficultas
594 2290 770 2337 ferebat,
797 2303 924 2342 quum
951 2287 1168 2341 pauciores
1196 2286 1237 2326 in
1266 2287 1354 2327 dies
1381 2287 1542 2336 fierent,
1571 2287 1641 2340 qui

121 2346 269 2400 opibus
289 2346 475 2387 valerent
496 2350 539 2386 et
560 2351 704 2387 tantos
726 2350 888 2386 sumtus
909 2345 1090 2384 tolerare
1111 2348 1294 2398 possent.
1345 2344 1533 2383 Primum
1554 2343 1640 2384 bini

120 2407 287 2443 tantum
309 2418 392 2443 una
420 2403 515 2444 navi
543 2402 790 2444 adornanda
816 2402 1145 2455 occupabantur,
1169 2415 1252 2455 quo
1272 2401 1396 2441 modo
1417 2415 1504 2440 rem
1526 2401 1639 2455 apud

164 2565 192 2582 m
213 2558 260 2599 De
277 2558 395 2597 republ.
415 2558 532 2589 Athen.
545 2567 574 2596 3,
591 2567 620 2595 4.
660 2557 845 2598 Τριήραρχοι

120 2600 324 2630 καθίστανται
355 2600 553 2640 τετρακόσιοι
582 2599 718 2630 ἑκάστου
747 2602 845 2630 ἐνιαυ-

120 2645 188 2679 τοῦ,
218 2644 267 2673 καὶ
298 2642 420 2673 τούτων
450 2645 516 2674 τοῖς
547 2642 751 2681 βουλομένοις
782 2645 845 2673 δια-

121 2685 244 2716 δικάσαι
261 2686 321 2716 ὅσα
337 2686 403 2722 ἔτη.

164 2734 182 2751 ¹¹
195 2729 287 2760 Alter
310 2730 341 2759 in
367 2730 474 2768 Equit.
490 2740 519 2758 v.
534 2738 606 2768 913.
621 2729 725 2767 ibique
742 2728 844 2758 Sehol.

120 2778 152 2802 et
178 2772 259 2801 Ran.
284 2783 311 2801 v.
340 2772 430 2812 1096.
456 2772 601 2812 Thncyd.
630 2771 659 2808 6,
677 2780 729 2809 31.
753 2772 845 2801 Conf.

122 2814 251 2844 Isocrat.
279 2816 351 2844 adv.
383 2815 506 2845 Gallim.
540 2825 569 2854 p.
599 2814 658 2853 565
692 2815 734 2843 A.
796 2814 844 2844 Ad

121 2857 204 2887 idem
229 2863 353 2896 tempus
376 2864 432 2887 aut
455 2857 617 2896 antiquins
639 2858 735 2888 etiam
760 2867 845 2896 spec-

122 2906 193 2930 tant
223 2900 354 2930 fortasse
390 2910 470 2939 quae
499 2900 613 2929 Pollux
649 2902 679 2937 8,
713 2899 784 2929 108.
815 2906 846 2929 et

124 2942 262 2981 Hesych.
291 2953 320 2972 ν.
355 2942 520 2982 ναύκλαροι
551 2943 669 2973 habent
698 2943 737 2972 de
767 2952 846 2972 nau-

122 2985 240 3014 crariis.
275 2985 321 3014 Ibi
344 2985 407 3014 vid.
433 2986 537 3024 Intpp.
559 2986 617 3015 Sed
642 2987 680 3015 de
701 2985 761 3015 hac
782 2990 847 3015 tota

915 2568 948 2588 re
963 2568 1076 2597 parum
1092 2556 1245 2587 habemus
1261 2556 1425 2595 explorati.

957 2606 975 2622 0
1004 2600 1035 2629 Is
1066 2605 1159 2635 certe,
1191 2599 1243 2638 qui
1275 2609 1408 2629 munera
1435 2599 1639 2637 magnificen-

914 2643 1032 2673 tissime
1049 2653 1067 2671 a
1082 2652 1114 2672 50
1137 2642 1223 2671 obita
1241 2642 1340 2679 jactat
1361 2642 1443 2680 apud
1469 2641 1595 2680 Lysiam
1616 2641 1637 2670 l.

913 2696 950 2723 c.,
967 2691 1084 2724 septem
1107 2685 1199 2714 annis
1220 2690 1330 2713 narrat
1351 2695 1403 2714 sex
1426 2684 1545 2714 talenta
1568 2694 1585 2714 a
1607 2694 1641 2714 se

915 2728 947 2757 in
965 2728 1023 2757 hoc
1040 2737 1172 2757 munere
1188 2727 1298 2756 effusa.

958 2775 975 2798 Ι)
992 2769 1155 2800 Demosth.
1172 2771 1210 2799 de
1224 2770 1295 2799 Cor.
1314 2780 1344 2806 p.
1358 2768 1429 2806 262,
1444 2778 1491 2799 20.
1531 2768 1639 2799 Καίτοι

914 2812 994 2843 κατὰ
1010 2812 1083 2842 τοὺς
1099 2810 1267 2851 προτέρους
1284 2810 1394 2849 νόμους
1413 2824 1442 2842 κ.
1460 2824 1489 2841 τ.
1508 2817 1539 2841 λ.
1590 2812 1639 2841 lta

913 2856 939 2885 is
963 2862 995 2886 et
1019 2856 1091 2885 alibi
1120 2855 1260 2894 loquitur
1283 2856 1321 2884 de
1352 2854 1493 2894 pluribus
1517 2855 1638 2892 legibus

915 2905 1040 2937 propter
1063 2908 1128 2928 rem
1152 2897 1385 2928 trierarchicam
1412 2897 1494 2928 latis,
1542 2897 1640 2928 Nulla

914 2941 1028 2971 harum
1046 2946 1194 2981 superest.
