<?xml version="1.0" encoding="UTF-8"?>
<!DOCTYPE html PUBLIC "-//W3C//DTD XHTML 1.0 Transitional//EN"
    "http://www.w3.org/TR/xhtml1/DTD/xhtml1-transitional.dtd">
<html xmlns="http://www.w3.org/1999/xhtml" xml:lang="en" lang="en">
 <head>
  <title>
</title>
<meta http-equiv="Content-Type" content="text/html;charset=utf-8" />
  <meta name='ocr-system' content='tesseract 3.04.00' />
  <meta name='ocr-capabilities' content='ocr_page ocr_carea ocr_par ocr_line ocrx_word'/>
</head>
<body>
  <div class='ocr_page' id='page_1' title='image "./operaexrecension06demouoft/operaexrecension06demouoft_0168.png"; bbox 0 0 1997 3256; ppageno 0'>
   <div class='ocr_carea' id='block_1_1' title="bbox 291 161 1224 202">
    <p class='ocr_par' dir='ltr' id='par_1_1' title="bbox 291 161 1224 202">
     <span class='ocr_line' id='line_1_1' title="bbox 291 161 1224 202; baseline 0 -1"><span class='ocrx_word' id='word_1_1' title='bbox 291 162 374 202; x_wconf 68' lang='lat'>754</span> <span class='ocrx_word' id='word_1_2' title='bbox 878 161 939 200; x_wconf 83' lang='lat' dir='ltr'>IN</span> <span class='ocrx_word' id='word_1_3' title='bbox 973 161 1224 202; x_wconf 76' lang='lat' dir='ltr'>MIDIAM.</span> 
     </span>
    </p>
   </div>
   <div class='ocr_carea' id='block_1_2' title="bbox 289 263 1813 1942">
    <p class='ocr_par' dir='ltr' id='par_1_2' title="bbox 290 263 1813 537">
     <span class='ocr_line' id='line_1_2' title="bbox 348 263 1811 320; baseline 0.003 -18"><span class='ocrx_word' id='word_1_4' title='bbox 348 277 444 317; x_wconf 87' lang='grc'><strong>511,</strong></span> <span class='ocrx_word' id='word_1_5' title='bbox 471 264 535 305; x_wconf 81' lang='lat'>28.</span> <span class='ocrx_word' id='word_1_6' title='bbox 562 264 624 316; x_wconf 74' lang='grc' dir='ltr'>οὗ]</span> <span class='ocrx_word' id='word_1_7' title='bbox 654 263 748 303; x_wconf 90' lang='lat' dir='ltr'>Non</span> <span class='ocrx_word' id='word_1_8' title='bbox 776 265 1032 313; x_wconf 80' lang='lat' dir='ltr'>adveibium,</span> <span class='ocrx_word' id='word_1_9' title='bbox 1064 266 1176 318; x_wconf 83' lang='lat' dir='ltr'>quod</span> <span class='ocrx_word' id='word_1_10' title='bbox 1205 265 1489 306; x_wconf 88' lang='lat' dir='ltr'>Buttmannus</span> <span class='ocrx_word' id='word_1_11' title='bbox 1517 267 1708 320; x_wconf 69' lang='lat' dir='ltr'>putabat,</span> <span class='ocrx_word' id='word_1_12' title='bbox 1739 268 1811 307; x_wconf 89' lang='lat' dir='ltr'>sed</span> 
     </span>
     <span class='ocr_line' id='line_1_3' title="bbox 290 319 1811 375; baseline 0.003 -16"><span class='ocrx_word' id='word_1_13' title='bbox 290 320 498 373; x_wconf 76' lang='lat' dir='ltr'>genitivus</span> <span class='ocrx_word' id='word_1_14' title='bbox 530 319 788 372; x_wconf 89' lang='lat' dir='ltr'>pronominis</span> <span class='ocrx_word' id='word_1_15' title='bbox 818 320 993 360; x_wconf 79' lang='lat' dir='ltr'>lelativi.</span> <span class='ocrx_word' id='word_1_16' title='bbox 1057 321 1346 375; x_wconf 70' lang='lat' dir='ltr'>Hermogenes</span> <span class='ocrx_word' id='word_1_17' title='bbox 1380 324 1434 374; x_wconf 88' lang='lat' dir='ltr'>(v.</span> <span class='ocrx_word' id='word_1_18' title='bbox 1468 322 1636 363; x_wconf 81' lang='lat' dir='ltr'>Einest.</span> <span class='ocrx_word' id='word_1_19' title='bbox 1669 323 1811 363; x_wconf 80' lang='lat' dir='ltr'>Lexic.</span> 
     </span>
     <span class='ocr_line' id='line_1_4' title="bbox 293 375 1813 430; baseline 0.003 -16"><span class='ocrx_word' id='word_1_20' title='bbox 293 375 488 415; x_wconf 86' lang='lat' dir='ltr'>T.echnol</span> <span class='ocrx_word' id='word_1_21' title='bbox 515 376 712 415; x_wconf 60' lang='lat' dir='ltr'>Grnaecm</span> <span class='ocrx_word' id='word_1_22' title='bbox 735 376 909 416; x_wconf 86' lang='lat' dir='ltr'>Rhetor.</span> <span class='ocrx_word' id='word_1_23' title='bbox 932 391 972 429; x_wconf 87' lang='lat' dir='ltr'>p.</span> <span class='ocrx_word' id='word_1_24' title='bbox 999 378 1112 430; x_wconf 82' lang='lat'>235.)</span> <span class='ocrx_word' id='word_1_25' title='bbox 1136 377 1205 416; x_wconf 80' lang='grc' dir='ltr'>τὸυ</span> <span class='ocrx_word' id='word_1_26' title='bbox 1227 378 1320 428; x_wconf 82' lang='grc' dir='ltr'>ὅρου</span> <span class='ocrx_word' id='word_1_27' title='bbox 1341 377 1399 417; x_wconf 85' lang='grc'>510</span> <span class='ocrx_word' id='word_1_28' title='bbox 1421 378 1594 418; x_wconf 85' lang='lat' dir='ltr'>definit:</span> <span class='ocrx_word' id='word_1_29' title='bbox 1624 380 1813 428; x_wconf 78' lang='grc' dir='ltr'>ὀνόματος</span> 
     </span>
     <span class='ocr_line' id='line_1_5' title="bbox 293 431 1812 485; baseline 0.003 -15"><span class='ocrx_word' id='word_1_30' title='bbox 293 431 445 481; x_wconf 79' lang='grc' dir='ltr'>ζητησις</span> <span class='ocrx_word' id='word_1_31' title='bbox 475 433 562 482; x_wconf 78' lang='grc' dir='ltr'>περὶ</span> <span class='ocrx_word' id='word_1_32' title='bbox 593 432 873 483; x_wconf 84' lang='grc' dir='ltr'>πράγματος,</span> <span class='ocrx_word' id='word_1_33' title='bbox 907 433 956 471; x_wconf 79' lang='grc' dir='ltr'>οὗ</span> <span class='ocrx_word' id='word_1_34' title='bbox 988 432 1031 471; x_wconf 84' lang='grc' dir='ltr'>τὸ</span> <span class='ocrx_word' id='word_1_35' title='bbox 1061 434 1134 482; x_wconf 75' lang='grc' dir='ltr'>μὲν</span> <span class='ocrx_word' id='word_1_36' title='bbox 1161 432 1389 483; x_wconf 82' lang='grc' dir='ltr'>πέπρακται,</span> <span class='ocrx_word' id='word_1_37' title='bbox 1419 434 1463 473; x_wconf 85' lang='grc' dir='ltr'>τὸ</span> <span class='ocrx_word' id='word_1_38' title='bbox 1495 436 1536 473; x_wconf 80' lang='grc' dir='ltr'>δὲ</span> <span class='ocrx_word' id='word_1_39' title='bbox 1563 436 1691 474; x_wconf 84' lang='grc' dir='ltr'>λείπει</span> <span class='ocrx_word' id='word_1_40' title='bbox 1719 434 1812 485; x_wconf 80' lang='grc' dir='ltr'>πρὸς</span> 
     </span>
     <span class='ocr_line' id='line_1_6' title="bbox 291 488 1150 537; baseline 0.002 -11"><span class='ocrx_word' id='word_1_41' title='bbox 291 488 545 526; x_wconf 78' lang='grc' dir='ltr'>αὐτοτέλειαυ</span> <span class='ocrx_word' id='word_1_42' title='bbox 567 491 634 527; x_wconf 82' lang='grc' dir='ltr'>τοῦ</span> <span class='ocrx_word' id='word_1_43' title='bbox 655 489 857 537; x_wconf 71' lang='grc' dir='ltr'>ὀνόματος.</span> <span class='ocrx_word' id='word_1_44' title='bbox 892 488 1150 528; x_wconf 85' lang='lat' dir='ltr'>SCHAEF.</span> 
     </span>
    </p>

    <p class='ocr_par' dir='ltr' id='par_1_3' title="bbox 289 543 1812 709">
     <span class='ocr_line' id='line_1_7' title="bbox 346 543 1812 597; baseline 0.001 -15"><span class='ocrx_word' id='word_1_45' title='bbox 346 555 444 595; x_wconf 77' lang='grc'><strong>512,</strong></span> <span class='ocrx_word' id='word_1_46' title='bbox 472 544 535 582; x_wconf 76' lang='grc'>28.</span> <span class='ocrx_word' id='word_1_47' title='bbox 569 543 749 597; x_wconf 81' lang='grc' dir='ltr'>ἀτοπίας]</span> <span class='ocrx_word' id='word_1_48' title='bbox 787 545 929 584; x_wconf 84' lang='grc' dir='ltr'>ἀτοπία</span> <span class='ocrx_word' id='word_1_49' title='bbox 961 543 1262 583; x_wconf 86' lang='lat' dir='ltr'>recentioribus</span> <span class='ocrx_word' id='word_1_50' title='bbox 1294 544 1567 597; x_wconf 74' lang='lat' dir='ltr'>scriptoribus</span> <span class='ocrx_word' id='word_1_51' title='bbox 1601 545 1812 584; x_wconf 88' lang='lat' dir='ltr'>interdum</span> 
     </span>
     <span class='ocr_line' id='line_1_8' title="bbox 289 599 1809 654; baseline 0.001 -16"><span class='ocrx_word' id='word_1_52' title='bbox 289 603 355 638; x_wconf 83' lang='lat' dir='ltr'>est</span> <span class='ocrx_word' id='word_1_53' title='bbox 391 601 568 650; x_wconf 79' lang='grc' dir='ltr'>πονηρία.</span> <span class='ocrx_word' id='word_1_54' title='bbox 632 599 685 638; x_wconf 70' lang='lat' dir='ltr'>V.</span> <span class='ocrx_word' id='word_1_55' title='bbox 724 599 909 653; x_wconf 68' lang='lat' dir='ltr'>Hesych.</span> <span class='ocrx_word' id='word_1_56' title='bbox 947 599 1176 639; x_wconf 84' lang='lat' dir='ltr'>BUTTM.</span> <span class='ocrx_word' id='word_1_57' title='bbox 1241 599 1295 639; x_wconf 72' lang='lat' dir='ltr'>V.</span> <span class='ocrx_word' id='word_1_58' title='bbox 1332 600 1388 639; x_wconf 91' lang='lat' dir='ltr'>H.</span> <span class='ocrx_word' id='word_1_59' title='bbox 1427 600 1571 654; x_wconf 89' lang='lat' dir='ltr'>Steph.</span> <span class='ocrx_word' id='word_1_60' title='bbox 1607 601 1809 640; x_wconf 83' lang='lat' dir='ltr'>Thesaur.</span> 
     </span>
     <span class='ocr_line' id='line_1_9' title="bbox 293 654 1810 735; baseline 0.002 -41"><span class='ocrx_word' id='word_1_61' title='bbox 293 655 477 695; x_wconf 80' lang='lat' dir='ltr'>Gramm.</span> <span class='ocrx_word' id='word_1_62' title='bbox 515 654 556 735; x_wconf 82' lang='grc'>111</span> <span class='ocrx_word' id='word_1_63' title='bbox 594 655 724 695; x_wconf 73' lang='lat' dir='ltr'>Bekk.</span> <span class='ocrx_word' id='word_1_64' title='bbox 759 656 918 695; x_wconf 84' lang='lat' dir='ltr'>Anecd.</span> <span class='ocrx_word' id='word_1_65' title='bbox 951 670 990 709; x_wconf 91' lang='lat' dir='ltr'>p.</span> <span class='ocrx_word' id='word_1_66' title='bbox 1024 657 1120 706; x_wconf 85' lang='grc'><strong>460,</strong></span> <span class='ocrx_word' id='word_1_67' title='bbox 1156 656 1192 695; x_wconf 86' lang='grc'>8.</span> <span class='ocrx_word' id='word_1_68' title='bbox 1229 656 1388 695; x_wconf 79' lang='grc' dir='ltr'>ἄτοπον·</span> <span class='ocrx_word' id='word_1_69' title='bbox 1432 658 1562 702; x_wconf 77' lang='grc' dir='ltr'>κακὸν,</span> <span class='ocrx_word' id='word_1_70' title='bbox 1599 659 1810 709; x_wconf 79' lang='grc' dir='ltr'>μοχθηρόν.</span> 
     </span>
    </p>

    <p class='ocr_par' dir='ltr' id='par_1_4' title="bbox 347 766 1634 821">
     <span class='ocr_line' id='line_1_10' title="bbox 347 766 1634 821; baseline 0.001 -16"><span class='ocrx_word' id='word_1_71' title='bbox 347 766 442 817; x_wconf 84' lang='grc' dir='ltr'>πρὸς</span> <span class='ocrx_word' id='word_1_72' title='bbox 463 767 579 820; x_wconf 79' lang='grc' dir='ltr'>ἅπαξ]</span> <span class='ocrx_word' id='word_1_73' title='bbox 605 766 670 805; x_wconf 83' lang='lat' dir='ltr'>Ex</span> <span class='ocrx_word' id='word_1_74' title='bbox 694 767 941 821; x_wconf 82' lang='lat' dir='ltr'>Aphthonio</span> <span class='ocrx_word' id='word_1_75' title='bbox 963 767 1069 807; x_wconf 82' lang='lat' dir='ltr'>citat</span> <span class='ocrx_word' id='word_1_76' title='bbox 1093 766 1346 819; x_wconf 74' lang='lat' dir='ltr'>Stephanus.</span> <span class='ocrx_word' id='word_1_77' title='bbox 1383 766 1494 807; x_wconf 80' lang='lat' dir='ltr'>SCH</span> <span class='ocrx_word' id='word_1_78' title='bbox 1499 766 1634 806; x_wconf 79' lang='lat' dir='ltr'>A.EF</span> 
     </span>
    </p>

    <p class='ocr_par' dir='ltr' id='par_1_5' title="bbox 289 820 1812 1100">
     <span class='ocr_line' id='line_1_11' title="bbox 347 820 1811 876; baseline 0 -15"><span class='ocrx_word' id='word_1_79' title='bbox 347 835 443 876; x_wconf 69' lang='grc'><strong>513,</strong></span> <span class='ocrx_word' id='word_1_80' title='bbox 477 825 539 862; x_wconf 89' lang='lat'>16.</span> <span class='ocrx_word' id='word_1_81' title='bbox 576 826 650 873; x_wconf 79' lang='grc' dir='ltr'>ἄρα</span> <span class='ocrx_word' id='word_1_82' title='bbox 686 825 873 873; x_wconf 66' lang='grc' dir='ltr'>δημόσιοι)</span> <span class='ocrx_word' id='word_1_83' title='bbox 906 823 1111 876; x_wconf 83' lang='grc' dir='ltr'>τάδίκημα]</span> <span class='ocrx_word' id='word_1_84' title='bbox 1154 822 1400 862; x_wconf 78' lang='lat' dir='ltr'>Notandum</span> <span class='ocrx_word' id='word_1_85' title='bbox 1436 824 1510 874; x_wconf 78' lang='grc' dir='ltr'>ἄρα</span> <span class='ocrx_word' id='word_1_86' title='bbox 1546 823 1681 876; x_wconf 77' lang='lat' dir='ltr'>plinio</span> <span class='ocrx_word' id='word_1_87' title='bbox 1722 820 1811 861; x_wconf 88' lang='lat' dir='ltr'>loco</span> 
     </span>
     <span class='ocr_line' id='line_1_12' title="bbox 289 878 1812 932; baseline 0 -15"><span class='ocrx_word' id='word_1_88' title='bbox 289 878 488 931; x_wconf 85' lang='lat' dir='ltr'>positum,</span> <span class='ocrx_word' id='word_1_89' title='bbox 511 879 622 931; x_wconf 80' lang='lat' dir='ltr'>quod</span> <span class='ocrx_word' id='word_1_90' title='bbox 647 878 842 918; x_wconf 82' lang='lat' dir='ltr'>vitiosum</span> <span class='ocrx_word' id='word_1_91' title='bbox 868 879 1012 919; x_wconf 81' lang='lat' dir='ltr'>habeii</span> <span class='ocrx_word' id='word_1_92' title='bbox 1043 879 1160 918; x_wconf 87' lang='lat' dir='ltr'>solet.</span> <span class='ocrx_word' id='word_1_93' title='bbox 1224 879 1379 918; x_wconf 77' lang='lat' dir='ltr'>Stlabo</span> <span class='ocrx_word' id='word_1_94' title='bbox 1404 891 1440 918; x_wconf 82' lang='lat'>2.</span> <span class='ocrx_word' id='word_1_95' title='bbox 1463 894 1501 932; x_wconf 90' lang='lat' dir='ltr'>p.</span> <span class='ocrx_word' id='word_1_96' title='bbox 1525 892 1591 931; x_wconf 88' lang='lat'>91.</span> <span class='ocrx_word' id='word_1_97' title='bbox 1616 881 1688 930; x_wconf 84' lang='grc' dir='ltr'>ἄρα</span> <span class='ocrx_word' id='word_1_98' title='bbox 1709 879 1812 918; x_wconf 89' lang='grc' dir='ltr'>πολὺ</span> 
     </span>
     <span class='ocr_line' id='line_1_13' title="bbox 292 933 1812 988; baseline 0.001 -15"><span class='ocrx_word' id='word_1_99' title='bbox 292 934 476 975; x_wconf 79' lang='grc' dir='ltr'>ἐλάττους</span> <span class='ocrx_word' id='word_1_100' title='bbox 496 933 518 983; x_wconf 84' lang='grc'>1]</span> <span class='ocrx_word' id='word_1_101' title='bbox 538 935 690 985; x_wconf 76' lang='grc' dir='ltr'>μυρίους</span> <span class='ocrx_word' id='word_1_102' title='bbox 714 935 946 985; x_wconf 72' lang='grc' dir='ltr'>ἀφεστάιαι.</span> <span class='ocrx_word' id='word_1_103' title='bbox 988 949 1047 985; x_wconf 90' lang='lat'>14.</span> <span class='ocrx_word' id='word_1_104' title='bbox 1066 937 1221 988; x_wconf 55' lang='grc'><strong>11659.</strong></span> <span class='ocrx_word' id='word_1_105' title='bbox 1243 936 1383 984; x_wconf 79' lang='grc' dir='ltr'>ταύτην</span> <span class='ocrx_word' id='word_1_106' title='bbox 1405 952 1474 984; x_wconf 75' lang='grc' dir='ltr'>την</span> <span class='ocrx_word' id='word_1_107' title='bbox 1495 936 1613 974; x_wconf 79' lang='grc' dir='ltr'>πόλιν</span> <span class='ocrx_word' id='word_1_108' title='bbox 1634 937 1653 974; x_wconf 91' lang='grc' dir='ltr'><em>ὁ</em></span> <span class='ocrx_word' id='word_1_109' title='bbox 1677 937 1812 975; x_wconf 83' lang='grc' dir='ltr'>κτίσας</span> 
     </span>
     <span class='ocr_line' id='line_1_14' title="bbox 292 990 1811 1045; baseline 0.001 -17"><span class='ocrx_word' id='word_1_110' title='bbox 292 992 324 1029; x_wconf 86' lang='grc' dir='ltr'>εἰ</span> <span class='ocrx_word' id='word_1_111' title='bbox 351 990 400 1038; x_wconf 79' lang='grc' dir='ltr'>μὴ</span> <span class='ocrx_word' id='word_1_112' title='bbox 428 991 628 1040; x_wconf 73' lang='grc' dir='ltr'>ἐφοβεῖτο</span> <span class='ocrx_word' id='word_1_113' title='bbox 657 990 712 1041; x_wconf 79' lang='grc' dir='ltr'>ἄρ’</span> <span class='ocrx_word' id='word_1_114' title='bbox 737 990 813 1030; x_wconf 82' lang='grc' dir='ltr'>οὐδ</span> <span class='ocrx_word' id='word_1_115' title='bbox 837 990 1043 1045; x_wconf 78' lang='grc' dir='ltr'>ἠσχύυετο.</span> <span class='ocrx_word' id='word_1_116' title='bbox 1098 991 1265 1030; x_wconf 76' lang='lat' dir='ltr'>Incelta</span> <span class='ocrx_word' id='word_1_117' title='bbox 1291 996 1389 1030; x_wconf 78' lang='lat' dir='ltr'>sunt</span> <span class='ocrx_word' id='word_1_118' title='bbox 1416 991 1605 1044; x_wconf 76' lang='lat' dir='ltr'>exempla</span> <span class='ocrx_word' id='word_1_119' title='bbox 1636 990 1811 1031; x_wconf 79' lang='lat' dir='ltr'>luciani</span> 
     </span>
     <span class='ocr_line' id='line_1_15' title="bbox 293 1045 1761 1100; baseline 0.002 -17"><span class='ocrx_word' id='word_1_120' title='bbox 293 1045 332 1083; x_wconf 72' lang='lat' dir='ltr'>V</span> <span class='ocrx_word' id='word_1_121' title='bbox 337 1046 381 1085; x_wconf 89' lang='lat' dir='ltr'>it.</span> <span class='ocrx_word' id='word_1_122' title='bbox 406 1050 515 1085; x_wconf 80' lang='lat' dir='ltr'>auct.</span> <span class='ocrx_word' id='word_1_123' title='bbox 538 1060 571 1085; x_wconf 92' lang='grc'>0.</span> <span class='ocrx_word' id='word_1_124' title='bbox 599 1059 662 1098; x_wconf 77' lang='lat'>23.</span> <span class='ocrx_word' id='word_1_125' title='bbox 689 1052 729 1086; x_wconf 90' lang='lat' dir='ltr'>et</span> <span class='ocrx_word' id='word_1_126' title='bbox 754 1046 901 1086; x_wconf 73' lang='lat' dir='ltr'>Galeni</span> <span class='ocrx_word' id='word_1_127' title='bbox 923 1047 1000 1086; x_wconf 84' lang='lat' dir='ltr'>vol.</span> <span class='ocrx_word' id='word_1_128' title='bbox 1028 1060 1063 1086; x_wconf 80' lang='lat'>2.</span> <span class='ocrx_word' id='word_1_129' title='bbox 1085 1062 1124 1100; x_wconf 88' lang='lat' dir='ltr'>p.</span> <span class='ocrx_word' id='word_1_130' title='bbox 1151 1049 1215 1086; x_wconf 80' lang='lat'>26.</span> <span class='ocrx_word' id='word_1_131' title='bbox 1241 1050 1326 1097; x_wconf 77' lang='lat'>(19.</span> <span class='ocrx_word' id='word_1_132' title='bbox 1351 1062 1392 1100; x_wconf 89' lang='lat' dir='ltr'>p.</span> <span class='ocrx_word' id='word_1_133' title='bbox 1417 1060 1510 1099; x_wconf 75' lang='lat'>239.</span> <span class='ocrx_word' id='word_1_134' title='bbox 1533 1047 1597 1086; x_wconf 89' lang='lat' dir='ltr'>ed.</span> <span class='ocrx_word' id='word_1_135' title='bbox 1625 1047 1761 1100; x_wconf 90' lang='lat' dir='ltr'>Lips.)</span> 
     </span>
    </p>

    <p class='ocr_par' dir='ltr' id='par_1_6' title="bbox 291 1102 1812 1322">
     <span class='ocr_line' id='line_1_16' title="bbox 348 1102 1812 1156; baseline 0.001 -16"><span class='ocrx_word' id='word_1_136' title='bbox 348 1114 444 1154; x_wconf 69' lang='lat'>513,</span> <span class='ocrx_word' id='word_1_137' title='bbox 471 1113 533 1141; x_wconf 80' lang='lat'>22.</span> <span class='ocrx_word' id='word_1_138' title='bbox 569 1102 651 1153; x_wconf 79' lang='grc' dir='ltr'>ἔχει</span> <span class='ocrx_word' id='word_1_139' title='bbox 680 1104 720 1141; x_wconf 76' lang='grc' dir='ltr'>δὲ</span> <span class='ocrx_word' id='word_1_140' title='bbox 751 1104 770 1141; x_wconf 86' lang='grc' dir='ltr'>ὁ</span> <span class='ocrx_word' id='word_1_141' title='bbox 803 1104 921 1153; x_wconf 79' lang='grc' dir='ltr'>λόγος</span> <span class='ocrx_word' id='word_1_142' title='bbox 954 1103 1138 1155; x_wconf 77' lang='grc' dir='ltr'>οὗτος-]</span> <span class='ocrx_word' id='word_1_143' title='bbox 1180 1103 1227 1141; x_wconf 88' lang='grc'>111</span> <span class='ocrx_word' id='word_1_144' title='bbox 1260 1103 1323 1141; x_wconf 87' lang='lat' dir='ltr'>his</span> <span class='ocrx_word' id='word_1_145' title='bbox 1358 1102 1621 1143; x_wconf 73' lang='lat' dir='ltr'>enucleandis</span> <span class='ocrx_word' id='word_1_146' title='bbox 1654 1104 1687 1142; x_wconf 86' lang='lat' dir='ltr'>si</span> <span class='ocrx_word' id='word_1_147' title='bbox 1720 1102 1812 1156; x_wconf 88' lang='lat' dir='ltr'>quis</span> 
     </span>
     <span class='ocr_line' id='line_1_17' title="bbox 291 1158 1811 1212; baseline 0.001 -15"><span class='ocrx_word' id='word_1_148' title='bbox 291 1162 457 1210; x_wconf 82' lang='lat' dir='ltr'>tempus</span> <span class='ocrx_word' id='word_1_149' title='bbox 491 1162 626 1197; x_wconf 89' lang='lat' dir='ltr'>terere</span> <span class='ocrx_word' id='word_1_150' title='bbox 663 1158 772 1205; x_wconf 69' lang='lat' dir='ltr'>velit,</span> <span class='ocrx_word' id='word_1_151' title='bbox 810 1159 1061 1199; x_wconf 82' lang='lat' dir='ltr'>conferenda</span> <span class='ocrx_word' id='word_1_152' title='bbox 1095 1163 1192 1198; x_wconf 88' lang='lat' dir='ltr'>sunt</span> <span class='ocrx_word' id='word_1_153' title='bbox 1226 1159 1397 1212; x_wconf 69' lang='lat' dir='ltr'>Ulpiani</span> <span class='ocrx_word' id='word_1_154' title='bbox 1432 1159 1590 1199; x_wconf 80' lang='lat' dir='ltr'>scholia</span> <span class='ocrx_word' id='word_1_155' title='bbox 1622 1160 1677 1199; x_wconf 88' lang='lat' dir='ltr'>ad</span> <span class='ocrx_word' id='word_1_156' title='bbox 1708 1160 1811 1199; x_wconf 87' lang='lat' dir='ltr'>duas</span> 
     </span>
     <span class='ocr_line' id='line_1_18' title="bbox 291 1213 1812 1269; baseline 0.001 -17"><span class='ocrx_word' id='word_1_157' title='bbox 291 1214 448 1266; x_wconf 84' lang='lat' dir='ltr'>primas</span> <span class='ocrx_word' id='word_1_158' title='bbox 471 1213 593 1266; x_wconf 88' lang='lat' dir='ltr'>hujus</span> <span class='ocrx_word' id='word_1_159' title='bbox 620 1214 822 1253; x_wconf 89' lang='lat' dir='ltr'>orationis</span> <span class='ocrx_word' id='word_1_160' title='bbox 850 1215 1153 1269; x_wconf 80' lang='lat' dir='ltr'>paragraphos.</span> <span class='ocrx_word' id='word_1_161' title='bbox 1217 1215 1325 1254; x_wconf 77' lang='lat' dir='ltr'>Nam</span> <span class='ocrx_word' id='word_1_162' title='bbox 1347 1215 1440 1254; x_wconf 87' lang='lat' dir='ltr'>illuc</span> <span class='ocrx_word' id='word_1_163' title='bbox 1470 1215 1608 1255; x_wconf 85' lang='lat' dir='ltr'>omnia</span> <span class='ocrx_word' id='word_1_164' title='bbox 1630 1216 1812 1255; x_wconf 87' lang='lat' dir='ltr'>referun-</span> 
     </span>
     <span class='ocr_line' id='line_1_19' title="bbox 291 1269 1314 1322; baseline 0.001 -13"><span class='ocrx_word' id='word_1_165' title='bbox 291 1274 363 1309; x_wconf 92' lang='lat' dir='ltr'>tur</span> <span class='ocrx_word' id='word_1_166' title='bbox 386 1284 490 1322; x_wconf 83' lang='lat' dir='ltr'>quae</span> <span class='ocrx_word' id='word_1_167' title='bbox 512 1269 695 1309; x_wconf 73' lang='lat' dir='ltr'>breviter</span> <span class='ocrx_word' id='word_1_168' title='bbox 716 1270 782 1309; x_wconf 85' lang='lat' dir='ltr'>hie</span> <span class='ocrx_word' id='word_1_169' title='bbox 804 1270 1054 1310; x_wconf 86' lang='lat' dir='ltr'>indicantur.</span> <span class='ocrx_word' id='word_1_170' title='bbox 1090 1271 1314 1310; x_wconf 71' lang='lat' dir='ltr'>BUTTM.</span> 
     </span>
    </p>

    <p class='ocr_par' dir='ltr' id='par_1_7' title="bbox 292 1326 1813 1827">
     <span class='ocr_line' id='line_1_20' title="bbox 349 1326 1812 1380; baseline 0.002 -16"><span class='ocrx_word' id='word_1_171' title='bbox 349 1328 540 1378; x_wconf 57' lang='lat'>5¹3».23·</span> <span class='ocrx_word' id='word_1_172' title='bbox 574 1327 663 1377; x_wconf 86' lang='grc' dir='ltr'>ὅρος</span> <span class='ocrx_word' id='word_1_173' title='bbox 695 1328 791 1365; x_wconf 80' lang='grc' dir='ltr'>κατὰ</span> <span class='ocrx_word' id='word_1_174' title='bbox 823 1328 1039 1378; x_wconf 67' lang='grc' dir='ltr'>σύλληψιν.</span> <span class='ocrx_word' id='word_1_175' title='bbox 1077 1326 1314 1380; x_wconf 77' lang='grc' dir='ltr'>λέγεται-]</span> <span class='ocrx_word' id='word_1_176' title='bbox 1351 1326 1437 1365; x_wconf 68' lang='lat' dir='ltr'>Vix</span> <span class='ocrx_word' id='word_1_177' title='bbox 1473 1327 1606 1367; x_wconf 83' lang='lat' dir='ltr'>habeo</span> <span class='ocrx_word' id='word_1_178' title='bbox 1643 1342 1812 1368; x_wconf 91' lang='lat' dir='ltr'>necesse</span> 
     </span>
     <span class='ocr_line' id='line_1_21' title="bbox 292 1381 1811 1435; baseline 0.002 -15"><span class='ocrx_word' id='word_1_179' title='bbox 292 1381 516 1421; x_wconf 85' lang='lat' dir='ltr'>admonere</span> <span class='ocrx_word' id='word_1_180' title='bbox 552 1382 762 1430; x_wconf 65' lang='lat' dir='ltr'>lectorem,</span> <span class='ocrx_word' id='word_1_181' title='bbox 800 1383 902 1422; x_wconf 84' lang='lat' dir='ltr'>haee</span> <span class='ocrx_word' id='word_1_182' title='bbox 943 1397 1025 1422; x_wconf 91' lang='lat' dir='ltr'>non</span> <span class='ocrx_word' id='word_1_183' title='bbox 1069 1382 1303 1422; x_wconf 86' lang='lat' dir='ltr'>continuari</span> <span class='ocrx_word' id='word_1_184' title='bbox 1340 1383 1540 1422; x_wconf 82' lang='lat' dir='ltr'>orationis</span> <span class='ocrx_word' id='word_1_185' title='bbox 1576 1383 1658 1433; x_wconf 74' lang='lat' dir='ltr'>filo,</span> <span class='ocrx_word' id='word_1_186' title='bbox 1698 1386 1811 1435; x_wconf 89' lang='lat' dir='ltr'>(cum</span> 
     </span>
     <span class='ocr_line' id='line_1_22' title="bbox 294 1438 1812 1493; baseline 0.003 -17"><span class='ocrx_word' id='word_1_187' title='bbox 294 1451 420 1491; x_wconf 84' lang='lat' dir='ltr'>supra</span> <span class='ocrx_word' id='word_1_188' title='bbox 453 1438 704 1491; x_wconf 87' lang='lat' dir='ltr'>explicatum</span> <span class='ocrx_word' id='word_1_189' title='bbox 737 1438 791 1478; x_wconf 87' lang='lat' dir='ltr'>sit</span> <span class='ocrx_word' id='word_1_190' title='bbox 823 1438 922 1492; x_wconf 87' lang='lat' dir='ltr'>quid</span> <span class='ocrx_word' id='word_1_191' title='bbox 955 1438 1238 1479; x_wconf 73' lang='lat' dir='ltr'>intellexerint</span> <span class='ocrx_word' id='word_1_192' title='bbox 1268 1439 1457 1479; x_wconf 78' lang='lat' dir='ltr'>rhetores</span> <span class='ocrx_word' id='word_1_193' title='bbox 1487 1454 1562 1493; x_wconf 91' lang='lat' dir='ltr'>per</span> <span class='ocrx_word' id='word_1_194' title='bbox 1592 1441 1684 1490; x_wconf 79' lang='grc' dir='ltr'>ὅρου</span> <span class='ocrx_word' id='word_1_195' title='bbox 1716 1442 1812 1480; x_wconf 77' lang='grc' dir='ltr'>κατὰ</span> 
     </span>
     <span class='ocr_line' id='line_1_23' title="bbox 293 1494 1812 1557; baseline 0.002 -25"><span class='ocrx_word' id='word_1_196' title='bbox 293 1496 512 1545; x_wconf 67' lang='grc' dir='ltr'>σύλληψιν.</span> <span class='ocrx_word' id='word_1_197' title='bbox 561 1494 657 1533; x_wconf 76' lang='lat' dir='ltr'>Vid.</span> <span class='ocrx_word' id='word_1_198' title='bbox 680 1509 718 1557; x_wconf 85' lang='lat' dir='ltr'>p.</span> <span class='ocrx_word' id='word_1_199' title='bbox 741 1507 822 1547; x_wconf 84' lang='lat'>512</span> <span class='ocrx_word' id='word_1_200' title='bbox 803 1527 837 1542; x_wconf 85' lang='grc'>..,</span> <span class='ocrx_word' id='word_1_201' title='bbox 869 1497 950 1545; x_wconf 86' lang='grc'><strong>16.)</strong></span> <span class='ocrx_word' id='word_1_202' title='bbox 982 1509 1123 1534; x_wconf 81' lang='lat' dir='ltr'>verum</span> <span class='ocrx_word' id='word_1_203' title='bbox 1154 1495 1307 1535; x_wconf 82' lang='lat' dir='ltr'>adsuta</span> <span class='ocrx_word' id='word_1_204' title='bbox 1338 1509 1428 1534; x_wconf 87' lang='lat' dir='ltr'>esse</span> <span class='ocrx_word' id='word_1_205' title='bbox 1459 1510 1510 1534; x_wconf 83' lang='lat' dir='ltr'>ex</span> <span class='ocrx_word' id='word_1_206' title='bbox 1541 1496 1686 1536; x_wconf 87' lang='lat' dir='ltr'>notula</span> <span class='ocrx_word' id='word_1_207' title='bbox 1717 1496 1812 1535; x_wconf 87' lang='lat' dir='ltr'>novi</span> 
     </span>
     <span class='ocr_line' id='line_1_24' title="bbox 293 1549 1812 1605; baseline 0.001 -16"><span class='ocrx_word' id='word_1_208' title='bbox 293 1549 468 1603; x_wconf 87' lang='lat' dir='ltr'>alicujus</span> <span class='ocrx_word' id='word_1_209' title='bbox 501 1550 705 1603; x_wconf 71' lang='lat' dir='ltr'>magistri,</span> <span class='ocrx_word' id='word_1_210' title='bbox 742 1550 811 1603; x_wconf 82' lang='grc'><strong>11111</strong></span> <span class='ocrx_word' id='word_1_211' title='bbox 845 1556 887 1591; x_wconf 87' lang='lat' dir='ltr'>et</span> <span class='ocrx_word' id='word_1_212' title='bbox 920 1551 1152 1591; x_wconf 85' lang='lat' dir='ltr'>rhetoricas</span> <span class='ocrx_word' id='word_1_213' title='bbox 1188 1565 1285 1591; x_wconf 89' lang='lat' dir='ltr'>suas</span> <span class='ocrx_word' id='word_1_214' title='bbox 1319 1551 1560 1605; x_wconf 77' lang='lat' dir='ltr'>quisquilias</span> <span class='ocrx_word' id='word_1_215' title='bbox 1593 1552 1687 1591; x_wconf 87' lang='lat' dir='ltr'>huic</span> <span class='ocrx_word' id='word_1_216' title='bbox 1721 1552 1812 1591; x_wconf 89' lang='grc'><strong>1000</strong></span> 
     </span>
     <span class='ocr_line' id='line_1_25' title="bbox 293 1605 1812 1661; baseline 0.001 -16"><span class='ocrx_word' id='word_1_217' title='bbox 293 1605 460 1646; x_wconf 79' lang='lat' dir='ltr'>adlevit.</span> <span class='ocrx_word' id='word_1_218' title='bbox 518 1606 689 1646; x_wconf 87' lang='lat' dir='ltr'>Absunt</span> <span class='ocrx_word' id='word_1_219' title='bbox 720 1621 744 1646; x_wconf 82' lang='lat' dir='ltr'>a</span> <span class='ocrx_word' id='word_1_220' title='bbox 777 1606 958 1646; x_wconf 63' lang='lat' dir='ltr'>vindob.</span> <span class='ocrx_word' id='word_1_221' title='bbox 1020 1607 1174 1646; x_wconf 90' lang='lat' dir='ltr'>Exitus</span> <span class='ocrx_word' id='word_1_222' title='bbox 1211 1607 1334 1660; x_wconf 88' lang='lat' dir='ltr'>hujus</span> <span class='ocrx_word' id='word_1_223' title='bbox 1366 1608 1602 1661; x_wconf 80' lang='lat' dir='ltr'>argumenti</span> <span class='ocrx_word' id='word_1_224' title='bbox 1638 1607 1679 1647; x_wconf 91' lang='lat' dir='ltr'>in</span> <span class='ocrx_word' id='word_1_225' title='bbox 1712 1622 1812 1647; x_wconf 91' lang='lat' dir='ltr'>non-</span> 
     </span>
     <span class='ocr_line' id='line_1_26' title="bbox 294 1661 1813 1716; baseline 0.003 -16"><span class='ocrx_word' id='word_1_226' title='bbox 294 1661 414 1701; x_wconf 86' lang='lat' dir='ltr'>nullis</span> <span class='ocrx_word' id='word_1_227' title='bbox 444 1661 562 1702; x_wconf 85' lang='lat' dir='ltr'>editt.</span> <span class='ocrx_word' id='word_1_228' title='bbox 586 1662 899 1716; x_wconf 83' lang='lat' dir='ltr'>conglutinatur</span> <span class='ocrx_word' id='word_1_229' title='bbox 927 1677 1020 1702; x_wconf 89' lang='lat' dir='ltr'>cum</span> <span class='ocrx_word' id='word_1_230' title='bbox 1049 1663 1298 1702; x_wconf 79' lang='lat' dir='ltr'>scholiorum</span> <span class='ocrx_word' id='word_1_231' title='bbox 1326 1663 1456 1711; x_wconf 76' lang='lat' dir='ltr'>initio,</span> <span class='ocrx_word' id='word_1_232' title='bbox 1480 1670 1521 1704; x_wconf 89' lang='lat' dir='ltr'>et</span> <span class='ocrx_word' id='word_1_233' title='bbox 1550 1664 1592 1704; x_wconf 90' lang='grc'>111</span> <span class='ocrx_word' id='word_1_234' title='bbox 1619 1664 1813 1705; x_wconf 76' lang='lat' dir='ltr'>parisina</span> 
     </span>
     <span class='ocr_line' id='line_1_27' title="bbox 293 1718 1812 1774; baseline 0.001 -16.003"><span class='ocrx_word' id='word_1_235' title='bbox 293 1718 599 1758; x_wconf 79' lang='lat' dir='ltr'>adhaerescunt</span> <span class='ocrx_word' id='word_1_236' title='bbox 621 1719 838 1771; x_wconf 71' lang='lat' dir='ltr'>quaedam,</span> <span class='ocrx_word' id='word_1_237' title='bbox 863 1734 968 1772; x_wconf 84' lang='lat' dir='ltr'>quae</span> <span class='ocrx_word' id='word_1_238' title='bbox 993 1719 1052 1757; x_wconf 88' lang='lat' dir='ltr'>W</span> <span class='ocrx_word' id='word_1_239' title='bbox 1056 1719 1174 1759; x_wconf 81' lang='lat' dir='ltr'>olhus</span> <span class='ocrx_word' id='word_1_240' title='bbox 1203 1720 1314 1759; x_wconf 82' lang='lat' dir='ltr'>nulla</span> <span class='ocrx_word' id='word_1_241' title='bbox 1343 1734 1436 1759; x_wconf 91' lang='lat' dir='ltr'>cum</span> <span class='ocrx_word' id='word_1_242' title='bbox 1463 1719 1629 1760; x_wconf 88' lang='lat' dir='ltr'>lect01is</span> <span class='ocrx_word' id='word_1_243' title='bbox 1660 1721 1812 1774; x_wconf 80' lang='lat' dir='ltr'>injmia</span> 
     </span>
     <span class='ocr_line' id='line_1_28' title="bbox 295 1773 883 1827; baseline 0.002 -14"><span class='ocrx_word' id='word_1_244' title='bbox 295 1774 417 1827; x_wconf 85' lang='lat' dir='ltr'>plane</span> <span class='ocrx_word' id='word_1_245' title='bbox 439 1773 590 1814; x_wconf 86' lang='lat' dir='ltr'>omisit</span> <span class='ocrx_word' id='word_1_246' title='bbox 624 1774 657 1813; x_wconf 88' lang='lat' dir='ltr'>T</span> <span class='ocrx_word' id='word_1_247' title='bbox 662 1774 749 1813; x_wconf 76' lang='lat' dir='ltr'>AY</span> <span class='ocrx_word' id='word_1_248' title='bbox 756 1774 883 1814; x_wconf 88' lang='lat' dir='ltr'>LOR.</span> 
     </span>
    </p>

    <p class='ocr_par' dir='ltr' id='par_1_8' title="bbox 296 1830 1810 1942">
     <span class='ocr_line' id='line_1_29' title="bbox 349 1830 1810 1894; baseline 0.003 -26.028"><span class='ocrx_word' id='word_1_249' title='bbox 349 1843 446 1882; x_wconf 74' lang='grc'><strong>513,</strong></span> <span class='ocrx_word' id='word_1_250' title='bbox 473 1842 537 1882; x_wconf 84' lang='lat'>29.</span> <span class='ocrx_word' id='word_1_251' title='bbox 571 1830 918 1894; x_wconf 79' lang='grc' dir='ltr'>ἆντοιομάζουτος]</span> <span class='ocrx_word' id='word_1_252' title='bbox 954 1831 1020 1871; x_wconf 82' lang='lat' dir='ltr'>SC.</span> <span class='ocrx_word' id='word_1_253' title='bbox 1054 1831 1097 1870; x_wconf 85' lang='grc' dir='ltr'>τὸ</span> <span class='ocrx_word' id='word_1_254' title='bbox 1130 1832 1292 1882; x_wconf 82' lang='grc' dir='ltr'>ἀδίκημα</span> <span class='ocrx_word' id='word_1_255' title='bbox 1323 1831 1407 1871; x_wconf 76' lang='lat' dir='ltr'>sive</span> <span class='ocrx_word' id='word_1_256' title='bbox 1437 1849 1507 1881; x_wconf 77' lang='grc' dir='ltr'>τηυ</span> <span class='ocrx_word' id='word_1_257' title='bbox 1539 1833 1672 1881; x_wconf 75' lang='grc' dir='ltr'>ὃίκηυῑ</span> <span class='ocrx_word' id='word_1_258' title='bbox 1710 1833 1751 1872; x_wconf 89' lang='grc'>11.</span> <span class='ocrx_word' id='word_1_259' title='bbox 1775 1847 1810 1873; x_wconf 85' lang='lat' dir='ltr'>e.</span> 
     </span>
     <span class='ocr_line' id='line_1_30' title="bbox 296 1885 1810 1942; baseline 0.001 -15"><span class='ocrx_word' id='word_1_260' title='bbox 296 1899 389 1927; x_wconf 86' lang='lat' dir='ltr'>cum</span> <span class='ocrx_word' id='word_1_261' title='bbox 411 1885 607 1926; x_wconf 85' lang='lat' dir='ltr'>delictum</span> <span class='ocrx_word' id='word_1_262' title='bbox 630 1900 749 1926; x_wconf 86' lang='lat' dir='ltr'>suum</span> <span class='ocrx_word' id='word_1_263' title='bbox 771 1886 854 1927; x_wconf 82' lang='lat' dir='ltr'>sive</span> <span class='ocrx_word' id='word_1_264' title='bbox 875 1887 1008 1942; x_wconf 83' lang='lat' dir='ltr'>ipsam</span> <span class='ocrx_word' id='word_1_265' title='bbox 1030 1901 1219 1927; x_wconf 79' lang='lat' dir='ltr'>caussam</span> <span class='ocrx_word' id='word_1_266' title='bbox 1241 1888 1363 1928; x_wconf 85' lang='lat' dir='ltr'>aliter</span> <span class='ocrx_word' id='word_1_267' title='bbox 1384 1887 1544 1927; x_wconf 86' lang='lat' dir='ltr'>definit.</span> <span class='ocrx_word' id='word_1_268' title='bbox 1582 1888 1810 1928; x_wconf 81' lang='lat' dir='ltr'>BUTTM.</span> 
     </span>
    </p>
   </div>
   <div class='ocr_carea' id='block_1_3' title="bbox 295 2061 1811 2997">
    <p class='ocr_par' dir='ltr' id='par_1_9' title="bbox 295 2061 1811 2451">
     <span class='ocr_line' id='line_1_31' title="bbox 352 2061 1811 2114; baseline -0.001 -13"><span class='ocrx_word' id='word_1_269' title='bbox 352 2061 683 2102; x_wconf 83' lang='lat' dir='ltr'>Demosthenem</span> <span class='ocrx_word' id='word_1_270' title='bbox 704 2062 745 2101; x_wconf 91' lang='grc'>111</span> <span class='ocrx_word' id='word_1_271' title='bbox 765 2062 872 2102; x_wconf 85' lang='lat' dir='ltr'>hanc</span> <span class='ocrx_word' id='word_1_272' title='bbox 898 2062 1129 2102; x_wconf 82' lang='lat' dir='ltr'>orationem</span> <span class='ocrx_word' id='word_1_273' title='bbox 1150 2062 1347 2102; x_wconf 82' lang='lat' dir='ltr'>nonnulla</span> <span class='ocrx_word' id='word_1_274' title='bbox 1369 2062 1634 2103; x_wconf 82' lang='lat' dir='ltr'>transtulisse</span> <span class='ocrx_word' id='word_1_275' title='bbox 1656 2076 1707 2101; x_wconf 83' lang='lat' dir='ltr'>ex</span> <span class='ocrx_word' id='word_1_276' title='bbox 1731 2061 1811 2114; x_wconf 76' lang='lat' dir='ltr'>Ly-</span> 
     </span>
     <span class='ocr_line' id='line_1_32' title="bbox 295 2117 1811 2172; baseline 0 -15"><span class='ocrx_word' id='word_1_277' title='bbox 295 2117 393 2166; x_wconf 81' lang='lat' dir='ltr'>siae,</span> <span class='ocrx_word' id='word_1_278' title='bbox 418 2118 602 2172; x_wconf 65' lang='lat' dir='ltr'>Lycurgi</span> <span class='ocrx_word' id='word_1_279' title='bbox 624 2123 665 2158; x_wconf 89' lang='lat' dir='ltr'>et</span> <span class='ocrx_word' id='word_1_280' title='bbox 689 2118 796 2158; x_wconf 84' lang='lat' dir='ltr'>Isaei</span> <span class='ocrx_word' id='word_1_281' title='bbox 826 2118 1086 2158; x_wconf 86' lang='lat' dir='ltr'>orationibus</span> <span class='ocrx_word' id='word_1_282' title='bbox 1115 2118 1247 2158; x_wconf 83' lang='lat' dir='ltr'>tradit</span> <span class='ocrx_word' id='word_1_283' title='bbox 1276 2118 1390 2158; x_wconf 90' lang='lat' dir='ltr'>Theo</span> <span class='ocrx_word' id='word_1_284' title='bbox 1420 2118 1462 2157; x_wconf 91' lang='lat' dir='ltr'>in</span> <span class='ocrx_word' id='word_1_285' title='bbox 1486 2118 1711 2172; x_wconf 72' lang='lat' dir='ltr'>Progymn.</span> <span class='ocrx_word' id='word_1_286' title='bbox 1733 2117 1811 2157; x_wconf 84' lang='lat' dir='ltr'>vol.</span> 
     </span>
     <span class='ocr_line' id='line_1_33' title="bbox 302 2173 1811 2226; baseline 0 -14"><span class='ocrx_word' id='word_1_287' title='bbox 302 2187 336 2213; x_wconf 89' lang='lat'>1.</span> <span class='ocrx_word' id='word_1_288' title='bbox 358 2188 398 2226; x_wconf 88' lang='lat' dir='ltr'>p.</span> <span class='ocrx_word' id='word_1_289' title='bbox 426 2187 517 2226; x_wconf 87' lang='grc'><strong>155.</strong></span> <span class='ocrx_word' id='word_1_290' title='bbox 539 2174 602 2213; x_wconf 87' lang='lat' dir='ltr'>ed.</span> <span class='ocrx_word' id='word_1_291' title='bbox 625 2174 759 2213; x_wconf 78' lang='lat' dir='ltr'>VValz.</span> <span class='ocrx_word' id='word_1_292' title='bbox 790 2175 851 2212; x_wconf 87' lang='grc' dir='ltr'>καὶ</span> <span class='ocrx_word' id='word_1_293' title='bbox 879 2174 1134 2224; x_wconf 79' lang='grc' dir='ltr'>Δημοσθέιής</span> <span class='ocrx_word' id='word_1_294' title='bbox 1163 2177 1216 2216; x_wconf 82' lang='grc' dir='ltr'>εἰς</span> <span class='ocrx_word' id='word_1_295' title='bbox 1243 2175 1310 2214; x_wconf 78' lang='grc' dir='ltr'>τὸν</span> <span class='ocrx_word' id='word_1_296' title='bbox 1339 2177 1436 2214; x_wconf 77' lang='grc' dir='ltr'>κατὰ</span> <span class='ocrx_word' id='word_1_297' title='bbox 1463 2176 1626 2214; x_wconf 83' lang='grc' dir='ltr'>Μειδίου</span> <span class='ocrx_word' id='word_1_298' title='bbox 1654 2173 1811 2223; x_wconf 71' lang='grc' dir='ltr'>μετενή-</span> 
     </span>
     <span class='ocr_line' id='line_1_34' title="bbox 297 2229 1811 2283; baseline -0.001 -15"><span class='ocrx_word' id='word_1_299' title='bbox 297 2246 390 2280; x_wconf 78' lang='grc' dir='ltr'>υοχε</span> <span class='ocrx_word' id='word_1_300' title='bbox 411 2230 458 2269; x_wconf 84' lang='grc' dir='ltr'>τά</span> <span class='ocrx_word' id='word_1_301' title='bbox 478 2246 521 2269; x_wconf 85' lang='grc' dir='ltr'>τε</span> <span class='ocrx_word' id='word_1_302' title='bbox 542 2231 688 2269; x_wconf 87' lang='grc' dir='ltr'>Λυσίου</span> <span class='ocrx_word' id='word_1_303' title='bbox 713 2230 773 2268; x_wconf 87' lang='grc' dir='ltr'>καὶ</span> <span class='ocrx_word' id='word_1_304' title='bbox 794 2232 1019 2280; x_wconf 84' lang='grc' dir='ltr'>Λυκούργου</span> <span class='ocrx_word' id='word_1_305' title='bbox 1043 2229 1103 2281; x_wconf 89' lang='lat' dir='ltr'>(in</span> <span class='ocrx_word' id='word_1_306' title='bbox 1128 2230 1316 2270; x_wconf 84' lang='lat' dir='ltr'>oratione</span> <span class='ocrx_word' id='word_1_307' title='bbox 1342 2230 1385 2269; x_wconf 90' lang='lat' dir='ltr'>in</span> <span class='ocrx_word' id='word_1_308' title='bbox 1409 2230 1740 2283; x_wconf 77' lang='lat' dir='ltr'>Lycophronem,</span> <span class='ocrx_word' id='word_1_309' title='bbox 1763 2233 1811 2268; x_wconf 88' lang='lat' dir='ltr'>ut</span> 
     </span>
     <span class='ocr_line' id='line_1_35' title="bbox 297 2285 1811 2338; baseline 0.001 -15"><span class='ocrx_word' id='word_1_310' title='bbox 297 2285 433 2338; x_wconf 73' lang='lat' dir='ltr'>colligi</span> <span class='ocrx_word' id='word_1_311' title='bbox 460 2290 602 2338; x_wconf 87' lang='lat' dir='ltr'>potest</span> <span class='ocrx_word' id='word_1_312' title='bbox 632 2300 683 2325; x_wconf 82' lang='lat' dir='ltr'>ex</span> <span class='ocrx_word' id='word_1_313' title='bbox 711 2285 869 2324; x_wconf 84' lang='lat' dir='ltr'>Athen.</span> <span class='ocrx_word' id='word_1_314' title='bbox 895 2287 931 2325; x_wconf 90' lang='lat'>6.</span> <span class='ocrx_word' id='word_1_315' title='bbox 955 2300 994 2338; x_wconf 87' lang='lat' dir='ltr'>p.</span> <span class='ocrx_word' id='word_1_316' title='bbox 1021 2287 1100 2324; x_wconf 83' lang='lat'>266</span> <span class='ocrx_word' id='word_1_317' title='bbox 1125 2287 1194 2333; x_wconf 82' lang='lat' dir='ltr'>F.)</span> <span class='ocrx_word' id='word_1_318' title='bbox 1227 2288 1267 2325; x_wconf 84' lang='grc' dir='ltr'>ἐκ</span> <span class='ocrx_word' id='word_1_319' title='bbox 1299 2290 1374 2325; x_wconf 84' lang='grc' dir='ltr'>τῶν</span> <span class='ocrx_word' id='word_1_320' title='bbox 1404 2289 1470 2335; x_wconf 86' lang='grc' dir='ltr'>τῆς</span> <span class='ocrx_word' id='word_1_321' title='bbox 1499 2288 1648 2336; x_wconf 76' lang='grc' dir='ltr'>ὕβρεως</span> <span class='ocrx_word' id='word_1_322' title='bbox 1678 2286 1811 2336; x_wconf 81' lang='grc' dir='ltr'>λόγων</span> 
     </span>
     <span class='ocr_line' id='line_1_36' title="bbox 298 2340 1810 2392; baseline -0.001 -12"><span class='ocrx_word' id='word_1_323' title='bbox 298 2341 360 2380; x_wconf 80' lang='grc' dir='ltr'>καὶ</span> <span class='ocrx_word' id='word_1_324' title='bbox 384 2343 432 2380; x_wconf 82' lang='grc' dir='ltr'>τὰ</span> <span class='ocrx_word' id='word_1_325' title='bbox 452 2340 601 2381; x_wconf 84' lang='grc' dir='ltr'>Ἰσαίου</span> <span class='ocrx_word' id='word_1_326' title='bbox 630 2343 672 2380; x_wconf 84' lang='grc' dir='ltr'>ἐκ</span> <span class='ocrx_word' id='word_1_327' title='bbox 699 2345 774 2380; x_wconf 76' lang='grc' dir='ltr'>τῶν</span> <span class='ocrx_word' id='word_1_328' title='bbox 797 2343 892 2380; x_wconf 81' lang='grc' dir='ltr'>κατὰ</span> <span class='ocrx_word' id='word_1_329' title='bbox 915 2341 1129 2383; x_wconf 82' lang='grc' dir='ltr'>Διοκλέους</span> <span class='ocrx_word' id='word_1_330' title='bbox 1150 2344 1311 2392; x_wconf 77' lang='grc' dir='ltr'><strong>ὕβρεως.</strong></span> <span class='ocrx_word' id='word_1_331' title='bbox 1375 2341 1482 2381; x_wconf 79' lang='lat' dir='ltr'>Isaei</span> <span class='ocrx_word' id='word_1_332' title='bbox 1510 2342 1637 2381; x_wconf 78' lang='lat' dir='ltr'>verba</span> <span class='ocrx_word' id='word_1_333' title='bbox 1659 2341 1810 2381; x_wconf 84' lang='lat' dir='ltr'>Demo-</span> 
     </span>
     <span class='ocr_line' id='line_1_37' title="bbox 298 2397 1692 2451; baseline 0.001 -16"><span class='ocrx_word' id='word_1_334' title='bbox 298 2397 466 2436; x_wconf 85' lang='lat' dir='ltr'>sthenes</span> <span class='ocrx_word' id='word_1_335' title='bbox 488 2397 616 2437; x_wconf 89' lang='lat' dir='ltr'>etiam</span> <span class='ocrx_word' id='word_1_336' title='bbox 637 2397 735 2437; x_wconf 83' lang='lat' dir='ltr'>alibi</span> <span class='ocrx_word' id='word_1_337' title='bbox 758 2412 832 2437; x_wconf 86' lang='lat' dir='ltr'>sua</span> <span class='ocrx_word' id='word_1_338' title='bbox 852 2397 949 2436; x_wconf 84' lang='lat' dir='ltr'>feeit</span> <span class='ocrx_word' id='word_1_339' title='bbox 971 2414 977 2436; x_wconf 92' lang='lat'>:</span> <span class='ocrx_word' id='word_1_340' title='bbox 1012 2397 1062 2437; x_wconf 91' lang='lat' dir='ltr'>de</span> <span class='ocrx_word' id='word_1_341' title='bbox 1085 2412 1165 2451; x_wconf 89' lang='lat' dir='ltr'>quo</span> <span class='ocrx_word' id='word_1_342' title='bbox 1188 2398 1350 2438; x_wconf 89' lang='lat' dir='ltr'>dicetur</span> <span class='ocrx_word' id='word_1_343' title='bbox 1371 2397 1424 2438; x_wconf 85' lang='lat' dir='ltr'>ad</span> <span class='ocrx_word' id='word_1_344' title='bbox 1445 2413 1484 2450; x_wconf 90' lang='lat' dir='ltr'>p.</span> <span class='ocrx_word' id='word_1_345' title='bbox 1509 2398 1602 2449; x_wconf 81' lang='grc'><strong>874,</strong></span> <span class='ocrx_word' id='word_1_346' title='bbox 1631 2410 1692 2437; x_wconf 83' lang='lat'>21.</span> 
     </span>
    </p>

    <p class='ocr_par' dir='ltr' id='par_1_10' title="bbox 297 2453 1806 2563">
     <span class='ocr_line' id='line_1_38' title="bbox 352 2453 1806 2507; baseline 0 -15"><span class='ocrx_word' id='word_1_347' title='bbox 352 2464 449 2506; x_wconf 88' lang='grc'><strong>514,</strong></span> <span class='ocrx_word' id='word_1_348' title='bbox 478 2467 511 2492; x_wconf 87' lang='lat'>1.</span> <span class='ocrx_word' id='word_1_349' title='bbox 549 2454 617 2503; x_wconf 77' lang='grc' dir='ltr'>τὴν</span> <span class='ocrx_word' id='word_1_350' title='bbox 652 2454 944 2507; x_wconf 75' lang='grc' dir='ltr'>μὲυ-χρῆται]</span> <span class='ocrx_word' id='word_1_351' title='bbox 978 2453 1123 2494; x_wconf 84' lang='lat' dir='ltr'>Citant</span> <span class='ocrx_word' id='word_1_352' title='bbox 1155 2454 1315 2494; x_wconf 76' lang='lat' dir='ltr'>Anecd.</span> <span class='ocrx_word' id='word_1_353' title='bbox 1348 2454 1481 2494; x_wconf 84' lang='lat' dir='ltr'>Bekk.</span> <span class='ocrx_word' id='word_1_354' title='bbox 1512 2468 1552 2506; x_wconf 93' lang='lat' dir='ltr'>p.</span> <span class='ocrx_word' id='word_1_355' title='bbox 1586 2466 1683 2506; x_wconf 83' lang='lat'>451,</span> <span class='ocrx_word' id='word_1_356' title='bbox 1718 2465 1806 2506; x_wconf 82' lang='lat'>13.:</span> 
     </span>
     <span class='ocr_line' id='line_1_39' title="bbox 297 2509 1239 2563; baseline 0.002 -15"><span class='ocrx_word' id='word_1_357' title='bbox 297 2523 426 2562; x_wconf 86' lang='lat' dir='ltr'>usque</span> <span class='ocrx_word' id='word_1_358' title='bbox 447 2509 500 2549; x_wconf 87' lang='lat' dir='ltr'>ad</span> <span class='ocrx_word' id='word_1_359' title='bbox 523 2512 650 2559; x_wconf 82' lang='grc' dir='ltr'>οἴομαι</span> <span class='ocrx_word' id='word_1_360' title='bbox 672 2509 805 2548; x_wconf 84' lang='lat' dir='ltr'>Rufus</span> <span class='ocrx_word' id='word_1_361' title='bbox 825 2524 863 2563; x_wconf 91' lang='lat' dir='ltr'>p.</span> <span class='ocrx_word' id='word_1_362' title='bbox 890 2511 954 2562; x_wconf 79' lang='lat'>76.</span> <span class='ocrx_word' id='word_1_363' title='bbox 990 2509 1239 2550; x_wconf 78' lang='lat' dir='ltr'>SCHAEF.</span> 
     </span>
    </p>

    <p class='ocr_par' dir='ltr' id='par_1_11' title="bbox 296 2565 1810 2671">
     <span class='ocr_line' id='line_1_40' title="bbox 353 2565 1810 2619; baseline 0 -15"><span class='ocrx_word' id='word_1_364' title='bbox 353 2565 382 2604; x_wconf 70' lang='grc' dir='ltr'><strong>ὦ</strong></span> <span class='ocrx_word' id='word_1_365' title='bbox 413 2567 549 2616; x_wconf 74' lang='grc' dir='ltr'>ἄνδρες</span> <span class='ocrx_word' id='word_1_366' title='bbox 580 2566 772 2619; x_wconf 83' lang='grc' dir='ltr'>δικασταὶ]</span> <span class='ocrx_word' id='word_1_367' title='bbox 802 2566 862 2605; x_wconf 79' lang='grc' dir='ltr'>ἀεὶ</span> <span class='ocrx_word' id='word_1_368' title='bbox 890 2566 1049 2605; x_wconf 86' lang='lat' dir='ltr'>Anecd.</span> <span class='ocrx_word' id='word_1_369' title='bbox 1082 2566 1215 2606; x_wconf 79' lang='lat' dir='ltr'>Bekk.</span> <span class='ocrx_word' id='word_1_370' title='bbox 1243 2565 1348 2606; x_wconf 84' lang='lat' dir='ltr'>mira</span> <span class='ocrx_word' id='word_1_371' title='bbox 1379 2565 1611 2619; x_wconf 83' lang='lat' dir='ltr'>scripturae</span> <span class='ocrx_word' id='word_1_372' title='bbox 1643 2565 1810 2605; x_wconf 87' lang='lat' dir='ltr'>diversi—</span> 
     </span>
     <span class='ocr_line' id='line_1_41' title="bbox 296 2620 1137 2671; baseline 0 -10"><span class='ocrx_word' id='word_1_373' title='bbox 296 2626 400 2662; x_wconf 86' lang='lat' dir='ltr'>tate.</span> <span class='ocrx_word' id='word_1_374' title='bbox 434 2620 463 2661; x_wconf 72' lang='grc' dir='ltr'><em>ὦ</em></span> <span class='ocrx_word' id='word_1_375' title='bbox 481 2621 685 2671; x_wconf 69' lang='grc' dir='ltr'>Ἀθηναῖοι</span> <span class='ocrx_word' id='word_1_376' title='bbox 706 2622 854 2661; x_wconf 86' lang='lat' dir='ltr'>Rufus.</span> <span class='ocrx_word' id='word_1_377' title='bbox 889 2621 1137 2662; x_wconf 78' lang='lat' dir='ltr'>SCHAEF.</span> 
     </span>
    </p>

    <p class='ocr_par' dir='ltr' id='par_1_12' title="bbox 352 2677 1284 2731">
     <span class='ocr_line' id='line_1_42' title="bbox 352 2677 1284 2731; baseline 0.001 -15"><span class='ocrx_word' id='word_1_378' title='bbox 352 2689 448 2731; x_wconf 83' lang='lat'>514,</span> <span class='ocrx_word' id='word_1_379' title='bbox 475 2690 510 2717; x_wconf 80' lang='lat'>2.</span> <span class='ocrx_word' id='word_1_380' title='bbox 534 2677 632 2730; x_wconf 76' lang='grc' dir='ltr'>οὔθ’]</span> <span class='ocrx_word' id='word_1_381' title='bbox 659 2677 830 2717; x_wconf 85' lang='lat' dir='ltr'>Omittit</span> <span class='ocrx_word' id='word_1_382' title='bbox 853 2678 999 2717; x_wconf 81' lang='lat' dir='ltr'>Rufus.</span> <span class='ocrx_word' id='word_1_383' title='bbox 1032 2678 1284 2718; x_wconf 81' lang='lat' dir='ltr'>SCHAEF.</span> 
     </span>
    </p>

    <p class='ocr_par' dir='ltr' id='par_1_13' title="bbox 352 2732 1789 2787">
     <span class='ocr_line' id='line_1_43' title="bbox 352 2732 1789 2787; baseline 0 -15"><span class='ocrx_word' id='word_1_384' title='bbox 352 2747 448 2787; x_wconf 88' lang='grc'><strong>514,</strong></span> <span class='ocrx_word' id='word_1_385' title='bbox 473 2736 510 2772; x_wconf 94' lang='lat'>6.</span> <span class='ocrx_word' id='word_1_386' title='bbox 534 2732 689 2786; x_wconf 71' lang='grc' dir='ltr'>τοῦτον]</span> <span class='ocrx_word' id='word_1_387' title='bbox 715 2733 781 2773; x_wconf 86' lang='lat' dir='ltr'>Sic</span> <span class='ocrx_word' id='word_1_388' title='bbox 804 2734 930 2773; x_wconf 87' lang='lat' dir='ltr'>etiam</span> <span class='ocrx_word' id='word_1_389' title='bbox 954 2734 1132 2773; x_wconf 87' lang='lat' dir='ltr'>Photius</span> <span class='ocrx_word' id='word_1_390' title='bbox 1156 2735 1258 2774; x_wconf 84' lang='lat' dir='ltr'>Lex.</span> <span class='ocrx_word' id='word_1_391' title='bbox 1282 2749 1313 2774; x_wconf 91' lang='lat' dir='ltr'>s.</span> <span class='ocrx_word' id='word_1_392' title='bbox 1337 2749 1374 2774; x_wconf 86' lang='lat' dir='ltr'>v.</span> <span class='ocrx_word' id='word_1_393' title='bbox 1397 2733 1789 2785; x_wconf 78' lang='grc' dir='ltr'>προσ-βαλλομένους.</span> 
     </span>
    </p>

    <p class='ocr_par' dir='ltr' id='par_1_14' title="bbox 357 2789 1605 2843">
     <span class='ocr_line' id='line_1_44' title="bbox 357 2789 1605 2843; baseline 0.001 -15"><span class='ocrx_word' id='word_1_394' title='bbox 357 2803 454 2841; x_wconf 79' lang='grc'><strong>514,</strong></span> <span class='ocrx_word' id='word_1_395' title='bbox 480 2800 514 2839; x_wconf 88' lang='lat'>7.</span> <span class='ocrx_word' id='word_1_396' title='bbox 538 2793 616 2831; x_wconf 86' lang='grc' dir='ltr'>τοῖς</span> <span class='ocrx_word' id='word_1_397' title='bbox 640 2790 879 2843; x_wconf 63' lang='grc' dir='ltr'>Διονυσίοις]</span> <span class='ocrx_word' id='word_1_398' title='bbox 902 2791 969 2829; x_wconf 89' lang='lat' dir='ltr'>De</span> <span class='ocrx_word' id='word_1_399' title='bbox 991 2789 1204 2843; x_wconf 67' lang='lat' dir='ltr'>Dionysiis</span> <span class='ocrx_word' id='word_1_400' title='bbox 1226 2805 1261 2829; x_wconf 77' lang='lat' dir='ltr'>v.</span> <span class='ocrx_word' id='word_1_401' title='bbox 1283 2790 1335 2830; x_wconf 87' lang='lat' dir='ltr'>ad</span> <span class='ocrx_word' id='word_1_402' title='bbox 1358 2804 1396 2842; x_wconf 90' lang='lat' dir='ltr'>p.</span> <span class='ocrx_word' id='word_1_403' title='bbox 1417 2803 1514 2842; x_wconf 84' lang='grc'><strong>510,</strong></span> <span class='ocrx_word' id='word_1_404' title='bbox 1544 2802 1605 2829; x_wconf 84' lang='grc'>10.</span> 
     </span>
    </p>

    <p class='ocr_par' dir='ltr' id='par_1_15' title="bbox 299 2844 1809 2997">
     <span class='ocr_line' id='line_1_45' title="bbox 354 2844 1809 2898; baseline 0 -15"><span class='ocrx_word' id='word_1_405' title='bbox 354 2856 450 2897; x_wconf 79' lang='grc'><strong>515,</strong></span> <span class='ocrx_word' id='word_1_406' title='bbox 476 2846 512 2884; x_wconf 88' lang='grc'>8.</span> <span class='ocrx_word' id='word_1_407' title='bbox 544 2844 572 2884; x_wconf 75' lang='grc' dir='ltr'><em>ὦ</em></span> <span class='ocrx_word' id='word_1_408' title='bbox 601 2846 736 2896; x_wconf 78' lang='grc' dir='ltr'>ἄυὸρες</span> <span class='ocrx_word' id='word_1_409' title='bbox 756 2844 974 2898; x_wconf 75' lang='grc' dir='ltr'>Ἀθηναῖοι]</span> <span class='ocrx_word' id='word_1_410' title='bbox 1004 2846 1099 2886; x_wconf 83' lang='grc' dir='ltr'><strong>Η110</strong></span> <span class='ocrx_word' id='word_1_411' title='bbox 1129 2845 1466 2898; x_wconf 82' lang='lat' dir='ltr'>compellationes</span> <span class='ocrx_word' id='word_1_412' title='bbox 1494 2859 1545 2884; x_wconf 88' lang='lat' dir='ltr'>ex</span> <span class='ocrx_word' id='word_1_413' title='bbox 1567 2845 1703 2885; x_wconf 79' lang='lat' dir='ltr'>Attici</span> <span class='ocrx_word' id='word_1_414' title='bbox 1731 2844 1809 2884; x_wconf 84' lang='lat' dir='ltr'>fori</span> 
     </span>
     <span class='ocr_line' id='line_1_46' title="bbox 299 2901 1809 2955; baseline 0 -15"><span class='ocrx_word' id='word_1_415' title='bbox 299 2915 446 2941; x_wconf 62' lang='lat' dir='ltr'>namra</span> <span class='ocrx_word' id='word_1_416' title='bbox 479 2905 577 2940; x_wconf 86' lang='lat' dir='ltr'>sunt</span> <span class='ocrx_word' id='word_1_417' title='bbox 607 2901 870 2954; x_wconf 71' lang='lat' dir='ltr'>repetendae,</span> <span class='ocrx_word' id='word_1_418' title='bbox 903 2901 973 2941; x_wconf 89' lang='lat' dir='ltr'>ubi</span> <span class='ocrx_word' id='word_1_419' title='bbox 1008 2901 1183 2954; x_wconf 88' lang='lat' dir='ltr'>populus</span> <span class='ocrx_word' id='word_1_420' title='bbox 1220 2901 1306 2955; x_wconf 80' lang='lat' dir='ltr'>ipse</span> <span class='ocrx_word' id='word_1_421' title='bbox 1338 2901 1524 2954; x_wconf 87' lang='lat' dir='ltr'>judicum</span> <span class='ocrx_word' id='word_1_422' title='bbox 1557 2901 1707 2940; x_wconf 82' lang='lat' dir='ltr'>muniis</span> <span class='ocrx_word' id='word_1_423' title='bbox 1738 2901 1809 2940; x_wconf 89' lang='lat' dir='ltr'>ob-</span> 
     </span>
     <span class='ocr_line' id='line_1_47' title="bbox 301 2956 1807 2997; baseline 0.001 -1"><span class='ocrx_word' id='word_1_424' title='bbox 301 2957 444 2996; x_wconf 76' lang='lat' dir='ltr'>eundis</span> <span class='ocrx_word' id='word_1_425' title='bbox 474 2956 682 2997; x_wconf 81' lang='lat' dir='ltr'>libertatis</span> <span class='ocrx_word' id='word_1_426' title='bbox 715 2971 813 2997; x_wconf 87' lang='lat' dir='ltr'>suae</span> <span class='ocrx_word' id='word_1_427' title='bbox 845 2971 962 2996; x_wconf 86' lang='lat' dir='ltr'>usum</span> <span class='ocrx_word' id='word_1_428' title='bbox 999 2958 1234 2997; x_wconf 81' lang='lat' dir='ltr'>exercebat.</span> <span class='ocrx_word' id='word_1_429' title='bbox 1297 2957 1390 2996; x_wconf 84' lang='lat' dir='ltr'>Non</span> <span class='ocrx_word' id='word_1_430' title='bbox 1421 2957 1510 2996; x_wconf 77' lang='lat' dir='ltr'>loco</span> <span class='ocrx_word' id='word_1_431' title='bbox 1547 2956 1672 2996; x_wconf 86' lang='lat' dir='ltr'>nobili</span> <span class='ocrx_word' id='word_1_432' title='bbox 1706 2956 1807 2997; x_wconf 80' lang='lat' dir='ltr'>nati.</span> 
     </span>
    </p>
   </div>
  </div>
 </body>
</html>
