1997 3256
423 153 751 193 ADVERSUS
786 150 1317 192 ARISTOGITONEM
1355 150 1389 189 I.
1558 147 1665 186 1031

214 260 306 308 780,
332 258 397 298 28.
420 258 506 298 οἶδα
526 259 657 297 τοίνυν
679 257 775 311 etc.]
814 257 1010 298 Imitatur
1032 256 1359 296 Demosthenem
1384 253 1435 293 de
1462 252 1566 292 falsa
1591 252 1670 304 leg.

152 329 193 368 p.
219 315 317 369 369,
343 327 379 353 2.
401 314 487 354 οἶδα
512 315 642 354 τοίνυν
673 315 731 353 ὅτι
761 315 848 355 τοὺς
877 315 950 363 μὲν
980 315 1072 365 ὑπὲρ
1103 317 1178 352 τῶν
1208 308 1524 363 κατηγορημένων
1555 308 1670 348 αὐτοῦ

152 372 298 422 λόγους
320 372 510 422 Αἰσχίνης
531 371 716 421 φεύξεται
736 372 814 409 010.
860 370 1031 409 DOBR.

212 427 306 477 781,
332 426 925 478 8.Ἀδράστειαν-προσκυνῶ]
965 426 1029 465 Sic
1061 425 1115 465 ad
1137 423 1352 463 vitandam
1383 420 1582 460 invidiam
1612 418 1671 458 di—

155 497 249 523 cere
275 483 476 531 solebant7
500 487 547 522 ut
566 482 679 535 apud
700 481 894 535 Aeschyl.
919 482 1058 521 Prom.
1083 482 1177 535 936.
1201 481 1236 518 οῖ
1263 480 1573 528 προσκυνοῦντες
1603 476 1672 524 τὴν

153 539 413 590 Ἄδράστειαν
435 540 567 590 σοφοί·
601 538 671 577 ubi
696 537 859 591 copiose
880 538 930 578 dc
958 552 1007 577 ea
1035 537 1141 576 dixit
1165 533 1443 580 1310111fi01dus‚
1466 531 1672 586 appositis

153 595 281 635 etiam
317 600 504 635 veterum
547 594 918 648 graunnaticorum
959 591 1331 637 observationibus,
1371 589 1481 628 inter
1520 601 1672 640 cosque

155 651 521 705 Harpocraffionis,
551 650 666 701 eujus
697 650 835 703 glossa-
865 650 918 689 ad
949 650 1057 688 hunc
1087 649 1223 687 locum
1253 644 1472 685 referenda
1492 643 1674 690 videtur,

154 707 233 747 etsi
255 722 338 746 non
360 707 546 746 nominat
570 706 907 746 Demosthenem.

215 764 307 816 782,
333 775 369 816 7.
401 765 626 802 κύων-τοῦ
658 762 777 812 δήμου
813 776 903 801 csse
937 762 1143 811 ὑποφορέιν
1178 759 1268 812 ipsa
1303 755 1481 797 formula
1517 755 1563 804 νὴ
1596 755 1675 793 Δία

153 825 363 874 argueret,
387 818 551 859 etiamsi
580 833 662 858 non
691 817 882 857 additum
913 821 1034 858 esset,
1060 815 1171 869 quod
1198 828 1295 854 raro
1324 813 1496 854 additur
1520 811 1563 850 in
1583 812 1676 850 ὑπο-

155 881 308 928 φοραῖς,
332 877 436 927 φασί
453 892 566 916 τινες.
612 873 863 914 SUHAEF.

214 933 452 972 κύων-τοῦ
482 930 616 983 δήμου]
650 930 967 983 Theophrastus
988 928 1112 969 Char.
1140 940 1208 981 31,
1238 939 1278 980 3.
1302 924 1419 965 αὐτὸν
1451 925 1545 964 κύνα
1577 923 1675 963 εἶναι

153 992 222 1027 τοῦ
244 988 376 1038 δήμου,
396 986 609 1037 φυλάττειν
630 988 704 1038 γὰρ
727 986 845 1025 αὐτὸν
865 987 953 1027 τοὺς
975 987 1211 1025 ἀδικοῦντας.
1275 982 1467 1035 Apparet
1489 981 1588 1020 κύων
1609 982 1677 1018 τοῦ

154 1044 274 1094 δήμου
295 1043 549 1083 locutionem
581 1042 706 1082 fuisse
737 1042 868 1082 multo
900 1056 976 1081 usu
1003 1040 1149 1081 tritam
1173 1039 1214 1078 in
1237 1036 1561 1078 Atheniensium
1592 1049 1675 1074 ser-

154 1115 288 1140 mone.
332 1098 585 1140 SCHAEF.
661 1099 787 1139 Cleon
819 1113 885 1152 ap.
912 1096 1132 1150 Aristoph.
1157 1095 1234 1149 Eq.
1259 1107 1375 1148 1023.
1397 1094 1471 1143 ἐγὼ
1501 1091 1571 1143 μέν
1604 1090 1674 1141 εἶμ’

155 1159 176 1196 ὁ
207 1158 318 1196 κύων·
350 1157 424 1207 πρὸ
452 1159 522 1195 σοῦ
556 1158 643 1208 (τοῦ
669 1155 822 1205 Δήμου)
857 1156 932 1205 γὰρ
957 1154 1076 1193 ἀπύω·
1110 1152 1174 1191 σοὶ
1201 1151 1230 1191 δ’
1255 1151 1338 1190 εἶπε
1367 1149 1566 1198 σώζεσθαί
1593 1149 1632 1197 μ’
1654 1149 1674 1186 ὁ

156 1217 306 1262 Φοῖβος
327 1213 393 1252 τὸν
416 1213 522 1252 κύνα.
584 1211 737 1250 Fidum
759 1211 975 1251 custodem
1001 1223 1094 1249 cum
1120 1222 1221 1248 cane
1251 1210 1469 1260 comparat
1491 1204 1679 1257 Aeschy-

156 1270 220 1309 lus
242 1271 398 1323 Agam.
423 1282 462 1321 3.
507 1267 680 1307 DOBR.

213 1325 405 1377 ποδαπός]
443 1326 614 1366 ποταπός
636 1327 847 1364 correctus
868 1323 909 1362 k.
972 1320 1165 1362 Correxit
1196 1319 1333 1359 scriba
1354 1317 1530 1365 doctior,
1555 1330 1677 1369 quem

157 1397 241 1421 non
270 1382 433 1435 fugeret
462 1381 676 1420 decretum
705 1378 1088 1434 grammaticorum,
1112 1377 1163 1416 de
1185 1389 1266 1430 quo
1287 1390 1323 1415 v.
1347 1374 1531 1413 Thomas
1555 1373 1615 1412 M.
1637 1387 1675 1425 p.

159 1440 253 1491 726.
288 1437 539 1477 SOHAEF.
603 1437 656 1476 V.
684 1436 863 1475 Lobeck.
886 1435 941 1475 ad
965 1435 1121 1487 Phryn.
1144 1447 1184 1486 p.
1208 1446 1276 1486 59.

217 1495 312 1546 782.
335 1495 397 1533 16.
430 1494 518 1535 τοὺς
548 1492 781 1544 γενομένους
810 1493 925 1533 κύνας
950 1495 1026 1530 τῶν
1048 1488 1274 1541 προβάτων]
1304 1486 1358 1526 V.
1380 1486 1434 1526 ad
1456 1500 1497 1540 p.
1523 1486 1616 1537 287,
1641 1486 1677 1523 6.

159 1553 344 1602 γεύεσθαι
372 1564 498 1603 grave
520 1549 691 1588 verbum
721 1548 953 1600 decensque
984 1545 1248 1586 stomachum
1279 1541 1460 1583 oratoris
1491 1541 1680 1595 indigna-

158 1606 301 1646 bundi.
357 1606 583 1659 Gompares
602 1604 876 1658 Sophocleum
894 1603 966 1657 Aj.
986 1603 1080 1653 844.
1104 1602 1282 1653 γεύεσθε,
1304 1599 1356 1650 μὴ
1378 1600 1563 1650 φείδεσθε
1585 1614 1680 1637 παν-

158 1663 278 1713 δήμου
301 1665 481 1713 στρατοῦ.
521 1662 591 1701 ubi
614 1661 741 1701 etiam
769 1660 951 1714 priorem
978 1656 1269 1712 imperativum
1291 1654 1438 1694 referri
1458 1654 1513 1694 ad
1533 1652 1681 1707 geniti-

159 1734 255 1759 vum
281 1718 350 1772 qui
387 1717 576 1771 sequitur
612 1732 694 1756 non
730 1716 958 1764 dubitabis,
991 1714 1025 1753 si
1057 1712 1326 1768 perpenderis
1357 1711 1533 1764 Ajacem
1568 1709 1681 1762 loqui

160 1775 222 1816 ira
241 1775 449 1815 furentem
470 1774 634 1828 vimque
656 1773 734 1812 sibi
761 1773 937 1826 jamjam
959 1770 1197 1810 illaturum:
1233 1768 1397 1822 qualem
1417 1768 1600 1806 furorem
1619 1765 1682 1805 vel

159 1831 340 1871 maxime
371 1831 492 1870 decet
522 1830 714 1869 universo
750 1827 949 1868 exercitui
982 1827 1092 1866 mala
1122 1823 1356 1879 imprecari.
1417 1821 1541 1862 Adde
1572 1821 1684 1875 quod

160 1887 472 1941 imprecationis
508 1886 631 1939 hujus
666 1884 907 1925 immanitas
943 1883 1160 1936 aliquanto
1194 1880 1322 1920 levior
1358 1884 1422 1919 est
1457 1878 1682 1918 atrocitate

159 1943 421 1998 gloriationis
443 1943 493 1982 de
514 1947 759 1996 perpetrata
780 1941 905 1980 caede
929 1940 1186 1979 Graecorum
1207 1952 1243 1976 v.
1269 1938 1334 1991 96.
1374 1934 1625 1975 SCHAEF.

221 2002 398 2053 782,17.
430 1999 497 2038 οὐκ
519 1999 567 2038 ἂν
589 1999 734 2050 φθάνοι
766 1995 1117 2047 κατακοπτόμενος]
1155 1993 1198 2033 Si
1229 1991 1440 2046 propriam
1461 1990 1544 2030 vim
1575 1991 1684 2029 locu-

162 2056 288 2097 tionis
320 2060 498 2109 speetes‚
529 2069 674 2094 sensus
706 2059 792 2094 est:
832 2059 914 2093 tam-
945 2052 1019 2092 cito
1049 2050 1249 2090 necandus
1280 2055 1348 2097 est,
1379 2054 1422 2087 ut
1454 2047 1574 2087 citius
1608 2060 1685 2086 own

152 2113 295 2167 possit.
345 2113 399 2151 V.
422 2115 509 2150 not.
532 2111 587 2150 ad
607 2126 647 2164 p.
672 2123 692 2163 7
698 2122 764 2164 54,
787 2122 826 2162 5.
886 2108 1081 2149 Ceterum
1109 2106 1174 2146 hic
1202 2106 1316 2146 locus
1338 2104 1440 2144 satis
1461 2102 1684 2143 manifesto

162 2170 286 2209 docet
319 2167 421 2208 talia
456 2181 538 2206 non
575 2181 664 2206 esse
700 2180 774 2206 neo
810 2163 1030 2205 scribenda
1066 2176 1141 2202 nec
1173 2161 1349 2216 legenda
1384 2162 1682 2211 ἐρωτηματικῶς.

164 2225 274 2265 Nam
301 2224 335 2264 si
363 2225 463 2264 haec
488 2224 596 2263 foret
625 2221 913 2276 interrogatio,
936 2219 1132 2260 nimirum
1156 2222 1302 2258 orator
1321 2215 1581 2270 scripsisset:
1615 2215 1684 2255 οὐκ

164 2282 213 2322 ἂν
234 2283 303 2321 οῧν
324 2280 470 2332 φθάνοι
492 2280 851 2329 κατακοπτόμενος;
888 2276 1149 2317 SCHAEF.

223 2339 317 2391 782,
342 2350 401 2391 ¹9·
427 2337 578 2389 ἑόρακε]
616 2337 710 2386 ὁρᾶν
731 2351 767 2374 τι
797 2332 970 2373 Graecis
999 2331 1209 2385 significat
1241 2342 1401 2381 operam
1431 2328 1490 2367 rei
1520 2341 1684 2374 navare,

163 2394 342 2434 deditum
379 2393 414 2431 ei
449 2406 537 2431 esse.
603 2390 741 2430 Latini
783 2389 941 2442 pariter
974 2394 1149 2440 spectare
1185 2390 1390 2438 usurpant
1430 2383 1507 2422 hoc
1547 2383 1684 2422 modo.

166 2449 362 2490 REISK.

225 2506 320 2559 782,
345 2517 409 2545 21.
442 2505 494 2542 ὧν
516 2508 581 2542 est
607 2516 683 2556 pro
712 2502 735 2540 ἃ
765 2501 818 2540 ob
841 2513 1017 2552 sequens
1040 2499 1184 2538 τούτων
1205 2498 1322 2546 δίκην.
1365 2494 1685 2547 satisfactionem,

165 2562 352 2603 talionem
381 2559 500 2599 sumit
522 2573 601 2612 pro
621 2572 674 2605 σο,
695 2557 731 2596 εἰ
755 2556 858 2609 qaid
881 2555 934 2607 (si
960 2554 1155 2609 quapiam
1176 2553 1220 2592 in
1242 2555 1298 2603 re)
1322 2565 1386 2590 vos
1405 2549 1609 2602 offenderit
1628 2549 1688 2590 his

165 2619 250 2659 sais
274 2615 458 2662 moribus,
482 2621 525 2654 ut
549 2628 615 2653 ‘cos
641 2628 726 2652 enm
754 2611 1010 2652 mulctaretz's.
1054 2610 1371 2660 παρακρούσηται
1394 2608 1492 2656 ὑμᾶς
1521 2619 1688 2646 necesse

166 2680 233 2715 est
254 2680 301 2714 ut
330 2672 550 2726 significet,
573 2670 607 2709 si
632 2670 737 2708 bene
762 2668 905 2714 habet,
925 2667 961 2706 si
989 2680 1064 2720 quo
1089 2665 1193 2704 dicto
1223 2663 1285 2703 vel
1301 2664 1415 2716 facto
1441 2676 1508 2701 suo
1535 2675 1602 2701 vos
1629 2660 1688 2701 ibi

170 2731 232 2783 (in
254 2729 450 2770 concione
471 2728 594 2780 puta)
619 2723 924 2765 ebrae-orbaverit.
980 2721 1063 2761 Sed
1085 2720 1232 2759 dubito
1254 2733 1353 2757 num
1373 2718 1686 2768 παρακρούεσθαι

169 2786 230 2827 ita
251 2790 489 2839 usurpetur.
537 2782 647 2821 Num
668 2780 1005 2832 προσκρούσηταιὲ
1038 2777 1197 2816 Verum
1219 2789 1300 2814 non
1322 2773 1454 2825 magis
1475 2773 1687 2823 προσκρού-

171 2844 288 2882 εσθοιί
314 2858 401 2880 τινα
431 2838 600 2885 dicitur,
622 2837 694 2876 sed
723 2836 978 2886 προσκρούειν
999 2833 1084 2873 τινί.
1119 2830 1313 2871 REISK.
1380 2827 1569 2868 Fallitur.
1616 2844 1687 2867 πα-

170 2899 430 2950 ρακρούσηται
451 2895 476 2935 1.
495 2910 534 2948 q.
560 2892 794 2944 ἐξαπατήσῃ.
856 2890 954 2930 1(100
986 2903 1082 2928 111οΧ
1114 2887 1303 2940 sequitur
1327 2886 1415 2927 τοὺς
1445 2885 1595 2926 ἰδιώτας
1626 2884 1688 2923 καὶ

172 2955 258 2996 τοὺς
293 2954 482 3004 ἀπείρους.
528 2949 786 2991 SCHAEF.
854 2946 986 2986 Totus
1025 2945 1138 2984 locus
1174 2943 1386 2989 obscurus,
1424 2940 1506 2979 sive
1547 2938 1687 2993 potius
