1997 3256
318 149 404 194 9652
731 145 1120 186 FRAGMENTA
1154 145 1429 186 SOLONEA

320 258 545 309 spectaret,
568 266 701 306 neque
723 252 883 300 eadem,
905 265 1010 304 quae
1037 250 1131 290 illae
1152 249 1396 299 contineret,
1419 250 1497 290 etsi
1519 248 1581 288 vel
1607 247 1838 289 levissimus

319 315 517 365 aspectus
539 308 850 349 similitudinem
871 307 1003 361 ipsam
1026 306 1137 346 inter
1157 311 1200 346 et
1225 306 1338 358 leges
1358 306 1493 359 primo
1514 306 1604 346 1000
1629 306 1702 358 (1.)
1729 319 1836 345 com-

319 371 573 407 memoratas
595 366 767 405 doceat:
801 364 842 404 in
866 364 1058 416 utrisque
1083 362 1192 402 enim
1216 362 1381 416 publica
1409 363 1546 417 legum
1573 361 1770 410 recensio,
1794 362 1836 401 in

320 424 509 477 utrisque
531 421 735 476 expositio
757 426 855 461 ante
878 420 1191 474 Eponymorum
1213 424 1388 467 statuas,
1409 419 1450 458 in
1472 419 1659 471 utrisque
1683 417 1836 458 Nomo-

319 481 534 520 thetarum
564 479 618 518 ad
654 492 742 517 rem
772 476 1100 531 componendam
1132 475 1277 515 electio
1313 481 1545 516 memorata
1573 478 1650 514 est.
1716 474 1837 514 Solus

319 535 538 584 Wolfiusk,
560 539 784 588 postquam
813 534 863 573 de
891 534 979 573 1000
1007 533 1048 571 111
1075 531 1372 571 Demosthenis
1398 531 1663 572 Timocratea
1690 545 1729 584 p.
1754 532 1836 582 706

320 607 382 646 sq.
420 591 627 639 disseruit,
662 591 712 630 (10
747 590 830 630 ista
865 588 1131 630 similitudine
1164 588 1228 627 his
1261 588 1397 628 verbis
1433 586 1683 629 sententiam
1719 601 1837 627 suam

319 649 469 703 aperit.
543 654 565 670 ‘⁴
588 648 616 687 J
620 647 859 701 ungendam
910 646 1088 699 denique
1137 659 1231 684 cum
1279 644 1347 684 his
1396 650 1499 699 puto
1540 642 1836 685 auctoritatem

320 704 541 746 Aeschinis
573 704 615 744 in
643 704 832 744 oratione
862 703 904 742 in
933 702 1260 755 Ctesiphontem,
1288 701 1474 754 quamvis
1501 701 1557 742 ibi
1588 699 1709 741 simul
1738 699 1837 740 alia—

319 776 413 802 rum
446 775 584 802 rerum
622 760 882 814 quarundam
917 759 1075 799 mentio
1110 758 1199 804 fiat,
1235 772 1337 811 quas
1373 758 1414 797 in
1448 757 1526 797 illis
1558 755 1718 812 legibus
1753 770 1836 796 non

319 818 516 872 reperias.
579 817 713 868 Quam
735 817 787 856 ob
809 830 897 856 rem
918 815 1040 869 vulgo
1063 814 1229 868 quidem
1250 814 1437 854 videmus
1458 829 1483 854 a
1503 814 1600 854 viris
1630 812 1764 852 doctis
1785 813 1838 852 de

319 880 498 928 utroque
519 874 608 913 loco
631 873 849 927 sejunctim
870 872 1047 926 exponi;
1082 885 1155 910 1100
1177 870 1220 910 1(1
1242 885 1329 924 ego,
1353 885 1397 910 re
1420 870 1584 924 saepius
1611 869 1835 924 pensitata,

320 931 487 985 penitus
521 931 721 970 damnare
754 929 901 969 ausim.
963 928 1132 975 Contra,
1170 941 1296 980 quum
1331 932 1480 981 reputo
1516 941 1690 974 mecum,
1723 925 1836 979 apud

321 987 575 1027 Aeschinem
597 1000 679 1025 non
708 985 844 1024 minus
871 984 939 1039 agi
969 984 1019 1024 de
1047 998 1185 1024 annua
1213 984 1503 1023 emendatione
1529 983 1666 1037 legum
1692 982 1838 1036 priscis

320 1043 480 1098 legibus
513 1042 754 1090 constituta,
781 1041 964 1094 nihilque
997 1041 1049 1080 ab
1081 1040 1149 1079 illo
1178 1040 1270 1088 dici,
1304 1040 1415 1093 quod
1446 1054 1539 1079 01101
1569 1040 1657 1080 1000
1685 1038 1838 1078 Demo-

322 1100 481 1140 sthenis
501 1104 674 1153 pugnet,
697 1112 907 1152 quumque
935 1097 1026 1137 istis
1054 1097 1191 1150 legum
1211 1096 1457 1151 fragmentis
1478 1096 1546 1136 vix
1575 1096 1706 1136 omnis
1726 1095 1839 1135 ratio

321 1155 480 1211 negotii
504 1155 625 1209 plane
646 1154 855 1208 descripta
872 1153 1001 1193 videri
1024 1158 1163 1206 queat,
1180 1153 1352 1206 pronior
1373 1167 1463 1192 sum
1484 1152 1526 1191 in
1547 1167 1639 1193 eam
1658 1157 1837 1207 partem,

321 1218 369 1253 ut
393 1212 657 1259 Aeschinem,
683 1210 869 1264 quamw‘s
894 1210 1136 1257 breviorem,
1159 1218 1250 1249 tum
1277 1210 1327 1249 de
1353 1210 1498 1249 eadem
1518 1223 1564 1249 re
1584 1209 1646 1249 vel
1674 1209 1724 1248 de
1750 1209 1840 1262 ejus

321 1268 642 1324 praeparatione
663 1267 787 1321 loqui,
811 1272 902 1307 tum
930 1267 1035 1307 adeo
1063 1265 1249 1305 nonnihil
1275 1266 1369 1306 novi
1397 1266 1451 1306 ab
1474 1280 1522 1306 eo
1549 1265 1669 1306 001115
1697 1264 1837 1306 offerri

322 1325 541 1366 arbitrer.”

379 1383 586 1436 Apparet,
620 1395 703 1420 non
739 1394 902 1420 omnem
935 1380 1022 1419 viro
1059 1379 1286 1420 clarissimo
1322 1378 1627 1419 dubitationem
1662 1379 1713 1418 de
1747 1378 1840 1418 1000

322 1438 546 1479 Aeschinis
577 1452 669 1477 cum
701 1436 861 1485 ceteris,
890 1450 997 1490 quae
1028 1436 1331 1489 exscripsimus,
1359 1435 1646 1490 conjungendo
1674 1449 1839 1488 exemp-

321 1500 410 1535 tam
431 1494 584 1541 fuisse;
619 1493 810 1547 equidem
837 1493 1044 1546 quomodo
1072 1493 1138 1532 ille
1163 1493 1276 1532 100115
1305 1506 1396 1531 cum
1425 1491 1573 1532 ceteris
1602 1491 1839 1540 cohaereat,

323 1551 425 1592 satis
456 1550 557 1590 mihi
585 1550 846 1604 perspexisse
871 1549 1023 1597 videor,
1054 1563 1178 1602 quam
1205 1563 1291 1588 rem
1321 1562 1527 1602 exponere
1557 1548 1598 1587 111
1630 1547 1838 1602 sequenti-

321 1608 399 1648 bus
423 1608 617 1647 conabor.
680 1607 761 1647 Sed
783 1610 1010 1659 antequam
1027 1606 1080 1645 ad
1100 1605 1307 1646 rationem
1326 1605 1464 1659 legum
1485 1605 1839 1659 abrogandarum‚

322 1665 377 1704 ad
427 1678 552 1717 quam
603 1663 716 1702 100115
766 1662 845 1702 iste
899 1666 963 1716 (5)
1014 1666 1192 1716 spectat,
1235 1666 1510 1711 transeamus,
1553 1661 1839 1701 disserendum

322 1720 442 1761 nobis
465 1725 527 1760 est

442 1809 506 1849 De
529 1809 712 1849 Ratione
733 1809 870 1863 legum
890 1808 1168 1859 ferendarum,
1193 1823 1318 1863 quam
1340 1809 1559 1863 imperavit
1583 1808 1722 1849 Solon.

381 1893 557 1933 Duobus
583 1891 717 1932 modis
747 1892 858 1946 apud
887 1891 1170 1932 Athenienses
1200 1891 1338 1945 potuit
1371 1905 1421 1931 ex
1452 1890 1647 1931 instituto
1678 1890 1841 1930 Solonis

324 1949 390 1990 lex
412 1949 534 1989 ferri:
568 1949 642 1997 vel,
666 1948 699 1987 si
728 1948 903 2002 populus
931 1947 972 1987 in
999 1948 1133 2001 prima
1160 1947 1543 1988 Hecatombaeonis
1567 1946 1719 1987 mensis
1741 1962 1836 1987 000-

325 2006 440 2045 010110
463 2019 612 2045 novam
633 2005 767 2058 legem
788 2004 1109 2058 expostulasset,
1130 2004 1204 2053 vel,
1228 2004 1261 2043 si
1293 2004 1383 2058 quis
1411 2018 1484 2044 sua
1509 2008 1658 2058 sponte
1682 2017 1843 2057 suoque

326 2061 494 2102 consilio
516 2061 648 2115 legem
669 2061 869 2115 rogaretl.

385 2118 502 2157 Duas
530 2117 606 2156 has
638 2117 775 2171 legum
804 2117 1086 2171 rogandarum
1116 2117 1300 2158 rationes
1331 2117 1384 2157 ab
1416 2116 1476 2165 iis,
1507 2116 1576 2170 qui
1607 2117 1657 2156 de
1687 2117 1765 2156 hac
1795 2131 1843 2156 re

328 2173 597 2214 commentati
630 2178 741 2220 sunt,
766 2187 848 2212 non
880 2173 982 2213 satis
1014 2173 1234 2213 distinctas
1266 2187 1355 2213 esse
1383 2173 1513 2221 video,
1543 2173 1660 2227 quasi
1689 2173 1841 2226 prioris

326 2235 493 2271 tantum
515 2229 667 2269 notitia
687 2229 847 2269 habita.
911 2229 1187 2269 Nihilominus
1212 2230 1437 2270 clarissime
1459 2229 1774 2284 distinguuntur
1797 2229 1841 2268 in

326 2287 417 2327 1000
459 2285 755 2326 Demosthenis
789 2297 881 2338 707,
908 2296 1057 2339 7—13,
1095 2286 1167 2326 ubi
1208 2286 1421 2341 legislator
1461 2286 1511 2326 de
1552 2286 1680 2326 tertia
1719 2285 1841 2340 primi

326 2342 479 2383 mensis
510 2342 706 2382 concione
736 2342 840 2396 agit5
869 2342 910 2382 in
942 2357 1023 2396 qua
1055 2347 1097 2382 et
1127 2342 1193 2382 lex
1223 2358 1249 2383 a
1279 2343 1430 2396 populo
1458 2343 1671 2397 postulata
1702 2347 1746 2382 et
1779 2357 1840 2391 ea,

371 2497 388 2520 k
406 2499 580 2537 Prolegoni.
600 2500 632 2528 in
651 2499 740 2538 Lept.
759 2509 790 2538 p.
809 2508 877 2538 149.

370 2542 381 2566 1
405 2541 519 2580 [Atqui
537 2542 595 2571 1100
611 2541 745 2571 alterum
761 2552 885 2581 quoque
901 2542 933 2571 in
951 2542 1052 2581 prima

328 2584 476 2614 concione
488 2584 611 2614 licuisse
623 2594 640 2613 e
653 2585 719 2623 lege
732 2585 797 2623 ipsa
810 2592 946 2623 apparet.
967 2585 1051 2614 Vera

328 2627 372 2656 rei
400 2626 480 2655 ratio
506 2627 582 2656 haec
613 2638 678 2656 esse
702 2628 839 2657 videtur.
887 2627 926 2656 ln
950 2628 1051 2666 prima

331 2668 614 2698 HecatOanaeonis
631 2669 779 2699 concione
796 2679 859 2698 non
881 2669 964 2708 leges
981 2671 1052 2699 uni-

327 2721 435 2741 versae
451 2711 706 2749 exploralfflntur,
723 2713 805 2751 quod
828 2722 893 2741 uno
913 2712 962 2742 die
984 2712 1050 2742 fieri

328 2763 391 2782 non
409 2754 569 2792 potuisset,
587 2760 617 2783 et
638 2764 678 2784 ne
700 2764 808 2784 omnes
824 2755 949 2793 quidem
972 2755 1050 2784 reci-

327 2796 490 2833 tabantur,
507 2797 558 2825 sed
576 2796 749 2826 sententiae
765 2797 802 2826 de
824 2797 944 2835 legibus
966 2804 1050 2826 certo

329 2838 438 2867 ordine
449 2839 642 2875 ferebantur,
656 2846 765 2868 utrum
778 2840 918 2869 sufficere
931 2838 1051 2878 (ἀρκεῖν

329 2890 358 2918 p.
380 2879 449 2918 706,
472 2880 535 2918 13.)
555 2881 739 2911 viderentur
761 2892 801 2910 an
824 2892 888 2911 non
907 2882 1050 2912 videren-

331 2928 394 2956 tur,
421 2922 438 2950 i.
460 2932 487 2951 e.
512 2929 620 2952 utrum
648 2923 781 2962 populus
808 2924 981 2963 propositas
1010 2925 1049 2954 ab

331 2963 462 3002 singulis
482 2974 635 2994 novarum
657 2965 761 3004 legum
785 2965 945 3004 formulas,
969 2977 1048 3006 quae

1119 2499 1334 2530 consentiente
1353 2505 1464 2529 senatu
1486 2499 1524 2528 ad
1547 2497 1698 2537 populum
1719 2496 1842 2528 delatae

1119 2542 1167 2572 vel
1191 2544 1258 2580 jam
1290 2550 1365 2572 ante
1394 2541 1515 2580 publice
1543 2541 1701 2579 expositae
1724 2546 1840 2574 essent,

1119 2585 1315 2614 considerare
1345 2584 1438 2614 vellet
1468 2594 1508 2613 an
1539 2583 1645 2612 nollet.
1693 2582 1787 2619 Quod
1815 2582 1840 2612 si

1119 2627 1225 2664 nollet,
1248 2635 1405 2657 transacta
1429 2637 1478 2656 res
1502 2632 1590 2656 erat:
1615 2625 1638 2654 si
1658 2625 1761 2662 vellet,
1785 2635 1844 2654 no-

1119 2670 1267 2699 100111οῐ15
1294 2670 1465 2699 tradendae
1492 2674 1592 2704 erant,
1619 2668 1682 2704 sed,
1711 2668 1735 2697 si
1764 2667 1841 2697 fides

1119 2712 1263 2742 habenda
1279 2711 1338 2750 legi
1356 2711 1456 2750 qualis
1471 2710 1605 2740 orationi
1624 2710 1842 2739 Timocrateae

1119 2755 1237 2784 inserta
1268 2762 1323 2790 est,
1356 2762 1425 2784 tum
1456 2754 1584 2782 demum
1615 2753 1639 2782 si
1676 2762 1759 2781 nova
1790 2752 1841 2782 lex

1118 2798 1267 2835 antiquae
1303 2798 1480 2835 obrogaret‚
1511 2795 1555 2825 ita
1592 2801 1629 2824 ut
1663 2795 1788 2833 populo,
1815 2794 1840 2824 si

1118 2839 1205 2869 nulla
1226 2839 1311 2878 prior
1333 2839 1383 2868 lex
1404 2839 1585 2877 abroganda
1607 2844 1697 2875 esset,
1725 2846 1840 2867 novam

1117 2883 1266 2921 adoptare
1277 2882 1383 2911 liceret
1396 2881 1491 2911 etiam
1505 2881 1572 2910 51110
1585 2879 1842 2910 nomothetarum

1116 2924 1254 2955 consilio.
1279 2923 1448 2954 FRANK.
1476 2922 1497 2952 l.
1524 2933 1549 2953 c.
1567 2932 1596 2962 p.
1616 2922 1703 2961 738]
