1997 3256
451 145 513 184 IN
546 144 906 185 ORATIONEM
942 145 1312 185 LEPTINEAM.
1557 146 1635 186 601

126 249 431 304 imperatorisx.
504 248 562 289 Et
599 248 694 289 111110
732 249 897 302 quidem
934 249 976 288 id
1017 249 1230 302 negotium
1264 249 1478 302 proprium
1514 249 1640 289 fuisse

125 311 299 360 propter
334 304 640 344 immunitatem
676 305 787 358 patri
828 305 971 344 datam
1007 305 1110 345 satis
1147 305 1333 345 declarat
1369 305 1402 344 is
1438 305 1640 345 orationis
1653 310 1708 347 53

125 363 252 409 locus,
278 361 347 414 qui
375 365 439 400 est-
467 360 518 399 de
546 360 738 400 laudibus
769 360 975 401 Chabriae
986 368 1025 399 5:
1061 361 1112 400 de
1134 361 1403 414 Aphepsione
1430 361 1530 400 nihil
1554 361 1641 401 tale

127 431 260 471 neque
297 417 363 456 hic
404 430 537 469 neque
576 416 674 456 alibi
714 416 917 469 proditur.
981 416 1063 455 Sed
1099 416 1266 455 omnino
1303 417 1425 469 hujus
1463 417 1642 457 hominis

126 488 211 513 non
237 472 369 526 magis
398 486 522 524 quam
551 472 750 525 Bathippi
778 472 861 512 111111
889 472 1088 511 memoria
1114 476 1281 517 exstat3
1315 473 1493 511 alterum
1520 477 1642 513 tanto

127 529 316 569 novimus
343 527 489 567 melius
501 537 530 567 Ζ.
594 528 734 581 Major
760 532 903 567 autem
928 532 1043 573 natu,
1072 527 1300 579 Aphepsio,
1324 527 1543 578 συνήγορον
1571 529 1643 568 ha-
1656 533 1712 571 54

127 585 220 625 buit
243 583 551 628 Phormionem
579 598 626 622 or
628 590 842 623 2‘1t01emst:
876 583 1023 630 minor,
1048 582 1281 635 Ctesippus,
1305 583 1643 631 Demosthenem

129 640 198 693 qui
231 654 419 679 caussam
449 644 665 692 receperat
696 638 755 678 vel
787 644 961 691 propter
990 638 1205 690 rempubl„
1240 638 1301 677 1111
1335 639 1539 686 meicode,
1575 640 1643 691 qui

128 701 219 736 tum
245 710 333 735 mos
359 710 404 734 er
406 699 462 739 111,
486 695 547 734 iel
568 694 728 733 111101110
754 694 893 733 1105010
924 707 1006 746 (1110
1032 707 1126 732 011111
1152 693 1219 732 1110
1246 693 1532 745 conjunctusb.
1596 695 1645 733 111

130 766 211 805 quo
242 751 284 791 id
316 751 504 791 mirabile
535 749 698 797 accidit,
729 750 839 802 (111011
872 748 913 787 111
945 754 1033 788 ‘tam
1064 749 1188 802 longa
1216 749 1406 788 0111110110
1438 763 1488 788 110
1520 750 1645 789 semel

172 899 190 916 X
213 896 294 924 Sane
315 904 353 923 ex
370 893 585 924 Demosthene
603 894 642 923 de
660 893 709 923 his
731 894 854 923 duobus

130 942 257 967 tantum
287 942 419 966 constat.
465 936 588 965 Auctor
616 942 722 965 tamen
753 936 854 965 brevi-

130 979 195 1009 oris
225 978 417 1017 Argumenti
447 988 465 1007 a
497 978 586 1008 nobis
615 978 730 1013 omissi,
760 988 853 1016 quem

921 893 1006 922 locus
1034 893 1168 930 dicendi,
1191 891 1210 928 ἡ
1234 892 1443 931 πρωτολογία.
1491 893 1563 922 vid.
1581 893 1646 922 Ar-

921 945 1008 973 gum.
1037 942 1162 964 nostrae
1193 935 1284 965 Orat.
1311 942 1342 965 et
1370 936 1589 965 Androtianae
1616 942 1647 965 et

921 977 1004 1007 conf.
1039 977 1167 1006 [lotom.
1200 978 1239 1006 ad
1271 977 1335 1007 Cic.
1365 977 1438 1006 Div.
1468 978 1500 1006 in
1533 978 1647 1007 Caecil.

133 1021 305 1051 libanium
333 1022 451 1057 ierunt,
477 1020 520 1050 sic
549 1020 676 1050 scribit:
704 1019 854 1058 Φορμίων,
921 1030 947 1049 0.
970 1028 1018 1057 15.
1065 1019 1115 1049 De
1141 1019 1334 1049 Phormione
1361 1020 1470 1050 dubito
1495 1030 1534 1049 an
1560 1020 1646 1050 ullus

132 1063 182 1093 καὶ
222 1062 415 1099 Κτήσιππος,
450 1064 465 1091 ὁ
504 1062 643 1101 Χαβρίου
680 1063 761 1099 παῖς,
795 1062 854 1092 καὶ
922 1068 1046 1100 praeter
1063 1068 1206 1091 nostruin
1224 1068 1313 1092 vetus
1329 1069 1439 1092 auctor
1454 1063 1647 1092 mentionem

131 1104 237 1135 τινὲς
263 1106 339 1142 μετ’
365 1105 497 1141 αὐτῶν,
524 1109 567 1134 οἷς
593 1104 765 1143 συνήγορος
790 1104 1045 1140 Δη-1111110111.
1093 1104 1136 1133 Et
1153 1104 1221 1143 quis
1239 1104 1382 1141 miretur,
1397 1105 1429 1133 in
1447 1111 1537 1135 tanta
1552 1106 1646 1135 turba

131 1145 284 1185 μοσθενης
305 1146 436 1185 γίνεται.
483 1148 530 1176 At
550 1148 670 1177 homini
690 1147 787 1186 hujus
806 1147 853 1176 fa-
922 1152 1097 1181 oratorum,
1116 1157 1210 1185 quam
1228 1146 1279 1175 illa
1295 1153 1379 1177 aetas
1396 1147 1479 1182 tulit,
1498 1147 1647 1186 plurium,

132 1190 236 1220 miliae
253 1201 364 1229 parum
383 1190 453 1220 fidei
470 1189 646 1220 habuerim.

176 1238 193 1261 y
210 1233 283 1262 Vid.
301 1243 330 1271 p.
350 1242 422 1273 479,
444 1240 478 1270 17
496 1243 579 1271 seqq.

176 1281 191 1298 Ζ
210 1275 381 1313 Praecipue
396 1286 435 1305 ex
453 1275 614 1304 Plutarch.
635 1274 728 1304 Phoc.
747 1285 776 1313 p.
793 1281 854 1312 744

134 1318 172 1347 Ε.
189 1324 220 1348 et
236 1328 275 1348 ex
292 1317 460 1347 Athenaeo
476 1330 504 1354 4.
523 1328 552 1355 p.
570 1316 649 1355 165„
662 1318 745 1356 apud
762 1326 855 1355 quem

133 1360 267 1399 Diphili,
287 1360 435 1389 Timoclis
456 1366 487 1389 et
505 1360 676 1389 Menandri
697 1369 802 1388 versus
818 1359 856 1388 de

135 1403 282 1441 Ctesippo
303 1402 519 1441 proferuntur.
568 1401 723 1431 Postremi
748 1404 857 1439 poetae

133 1446 349 1483 fragmentum
373 1451 419 1474 est
442 1454 481 1474 ex
504 1444 611 1473 fabula
632 1444 742 1483 Ὀργῇ,
762 1453 857 1481 quam

134 1487 277 1517 omnium
298 1487 434 1525 primam
456 1487 561 1516 docuit
584 1486 713 1525 Olymp.
736 1494 806 1523 114,
825 1493 853 1520 4.

134 1536 170 1560 ut
185 1535 232 1559 est
248 1530 331 1568 apud
349 1529 465 1559 Euseb.
483 1529 517 1558 in
535 1528 653 1558 Chron.
671 1528 762 1558 Conf.
782 1528 859 1557 Cor-

135 1572 195 1602 sini
227 1572 396 1601 Fastorum
426 1572 496 1601 Att.
529 1571 590 1601 vol.
615 1579 645 1607 4.
674 1582 704 1610 p.
730 1578 770 1609 54
793 1580 856 1608 seq.

135 1614 365 1653 Fragmentum
389 1613 498 1643 intulit
522 1614 554 1643 in
580 1613 778 1643 Menandrea
802 1623 859 1643 sua

136 1656 276 1687 Clericus
303 1667 334 1695 p.
362 1655 430 1695 136.
482 1656 715 1686 perditissimus
743 1655 859 1685 nebulo

136 1699 198 1729 fuit
228 1699 286 1729 iste
317 1699 401 1729 filius
432 1699 534 1729 herois
564 1704 596 1728 et
626 1699 713 1728 omni
751 1699 858 1737 generi

136 1741 282 1772 luxuriae
309 1747 340 1772 et
368 1742 526 1780 nequitiae
553 1741 775 1771 deditissimus.
811 1741 859 1770 Eo

136 1784 272 1823 denique
290 1784 437 1823 processit
453 1783 675 1823 improbitatis,
692 1789 742 1818 nt,
760 1793 859 1822 quum

137 1827 219 1857 bona
247 1837 304 1856 sua
330 1827 438 1856 omnia
465 1826 665 1865 prodegisset,
691 1827 787 1856 etiam
812 1825 858 1854 la-

137 1869 223 1908 pides
253 1869 436 1899 divenderet
462 1870 501 1899 de
526 1875 748 1904 monumento,
777 1869 859 1907 quod

138 1911 218 1950 patri
263 1911 396 1950 populus
437 1911 558 1941 Athen.
596 1911 738 1949 impensa
780 1919 861 1940 1000

137 1953 361 1983 drachmarum
384 1960 594 1984 exstruxerat.
643 1954 722 1983 Inde
744 1963 861 1982 nomen

137 1997 206 2034 ejus
237 1997 321 2034 apud
348 1997 491 2031 comicos,
519 1996 577 2026 etsi
606 2002 675 2025 tum
706 1996 861 2025 modestos

138 2045 169 2069 et
185 2039 316 2069 minime
335 2039 509 2074 maledicos,
528 2039 560 2067 in
580 2038 781 2077 proverbium
799 2047 862 2067 ces-

139 2081 181 2111 sit
199 2087 230 2111 et
247 2082 476 2119 quodammodo
495 2091 662 2111 commune
680 2081 798 2110 factum
814 2085 862 2110 est

139 2130 309 2153 asotorum.
358 2124 467 2162 Neque
487 2134 562 2153 vero
580 2123 707 2159 Phocio,
724 2123 862 2153 hominis

139 2166 314 2204 corrigendi
341 2176 416 2195 cura
444 2175 572 2205 propter
598 2176 738 2195 amorem
766 2166 862 2204 patris

139 2214 291 2247 suscepta,
316 2208 489 2247 quidquam
513 2209 636 2238 videtur
662 2208 797 2238 valuisse
823 2209 863 2237 ad

139 2251 208 2288 ejus
248 2251 452 2289 pervicaciam
490 2252 747 2290 expugnandam.
803 2251 863 2281 Sed

140 2292 216 2322 haec
239 2294 346 2322 onmia
369 2304 438 2323 mea
462 2294 588 2332 quidem
614 2294 770 2323 sententia
794 2299 864 2332 post

141 2341 265 2374 tempus
281 2336 378 2374 hujus
398 2336 548 2366 orationis
567 2336 756 2373 acciderunt,
773 2337 863 2374 cujus

141 2384 281 2416 tempore
304 2378 396 2417 plane
419 2389 482 2408 non
509 2378 619 2408 dubito
642 2379 719 2417 quin
744 2379 864 2417 Ctesip-

142 2430 201 2458 pus
230 2420 332 2458 prima.
359 2420 463 2450 adhuc
489 2426 591 2450 aetate
618 2421 714 2451 fuerit
740 2426 771 2451 et
799 2431 865 2450 am-

143 2462 229 2501 bigui
247 2462 377 2501 ingenii.
414 2463 487 2492 Huc
503 2470 535 2493 et
550 2463 610 2492 alia
625 2474 676 2493 me
691 2464 863 2499 deducunt,

142 2510 175 2534 et
190 2505 267 2533 anni
287 2512 459 2543 poetarum,
478 2516 554 2544 quos
572 2505 675 2535 citavi.
716 2506 865 2536 Ceterum

144 2546 247 2585 ipsum
269 2557 394 2586 quoque
414 2554 545 2586 patrem,
564 2548 744 2584 Chabriam,
765 2548 866 2577 nomi-

144 2599 200 2619 ne·
220 2588 390 2627 ἇσ-ελγείας
421 2590 543 2619 notavit
576 2590 800 2628 Theopompus
832 2591 864 2619 in

146 2631 339 2671 Philippicis,
365 2639 442 2662 teste
465 2632 585 2662 Athen.
612 2640 656 2661 ¹2.
682 2643 710 2671 p.
731 2641 789 2671 532
815 2633 864 2668 13„

145 2674 240 2712 quod,
269 2681 305 2704 ut
334 2674 395 2704 alia
424 2676 565 2712 ejusdem
598 2675 804 2714 Theopompi,
833 2675 865 2703 iu

145 2715 285 2745 libellum
310 2727 403 2747 suum
427 2717 590 2747 transtulit
615 2717 779 2747 Cornelius
804 2717 867 2747 Ne-

146 2768 209 2796 pos.
234 2759 339 2796 [Conf.
358 2765 424 2789 not.
443 2761 481 2789 ad
498 2770 527 2798 p.
546 2767 620 2800 479,
641 2768 687 2799 17.
705 2760 868 2790 seHAE-

147 2800 262 2839 FER]

189 2846 206 2864 a
230 2843 343 2881 Itaque
370 2850 496 2882 propter
523 2845 666 2874 ordinem
696 2845 806 2874 aetatis
834 2844 867 2873 in

147 2883 214 2914 foro
243 2885 354 2915 Attico
384 2886 583 2916 observatum
613 2894 644 2917 et
675 2887 732 2925 ipsi
760 2886 868 2925 Aphe-

147 2927 247 2965 psioni
278 2934 309 2957 et
343 2928 439 2958 actori
470 2931 538 2967 ejus
573 2930 746 2960 debebatur
783 2929 867 2968 prior

923 1199 1024 1227 neque
1045 1195 1114 1218 tum
1136 1190 1351 1225 obscurorum,
1373 1190 1503 1219 nomina
1523 1190 1571 1220 vel
1595 1190 1648 1219 ob-

923 1238 1048 1261 scurata
1078 1242 1153 1267 0550,
1183 1231 1231 1261 vel
1264 1242 1391 1269 prorsus
1422 1232 1615 1262 intercidisse
1633 1235 1646 1262 ?

923 1274 1106 1312 praesertim
1130 1274 1155 1303 si
1179 1274 1233 1312 qui
1258 1273 1337 1302 nihil
1361 1275 1476 1313 scripto
1498 1276 1646 1304 mandas-

923 1322 1003 1346 sent.
1050 1316 1096 1345 At
1112 1316 1170 1345 hoc
1192 1316 1345 1354 posterius
1362 1326 1402 1345 an
1424 1317 1462 1345 ad
1481 1316 1647 1346 Phormio-

924 1369 997 1388 nem
1022 1364 1053 1387 et
1081 1358 1164 1387 hanc
1190 1359 1258 1395 ejus
1282 1358 1457 1388 orationem
1481 1359 1648 1397 pertineat,

924 1400 1082 1439 ambigere
1104 1400 1175 1430 licet
1198 1406 1323 1439 propter
1340 1401 1574 1439 Hermogenem
1593 1401 1649 1431 tali

924 1443 1017 1472 modo
1043 1442 1221 1481 loquentem
1246 1442 1266 1472 l.
1286 1453 1327 1479 c.‚
1351 1450 1388 1473 ut
1416 1443 1482 1482 ipsa
1508 1443 1552 1472 illi
1575 1454 1649 1482 prae

924 1495 1023 1514 manu
1045 1485 1141 1514 fuisse
1162 1485 1317 1514 videatur.

969 1527 982 1547 b
1002 1527 1038 1556 Id
1055 1527 1220 1557 vinculum
1239 1527 1313 1557 olim
1330 1527 1476 1557 nonnulli
1494 1534 1650 1566 putarunt

925 1580 1064 1600 amorem
1094 1570 1204 1600 matris
1241 1571 1379 1609 Ctesippi
1414 1571 1518 1600 fuisse.
1568 1571 1650 1601 Rem

926 1619 1035 1642 narrat
1070 1612 1232 1642 Plutarch.
1260 1613 1293 1642 in
1323 1613 1400 1643 Vita
1427 1613 1594 1643 Demosth.
1619 1625 1650 1652 p.

926 1655 988 1694 853
1005 1655 1047 1684 A.
1078 1655 1139 1684 Τὸν
1162 1654 1243 1685 κατὰ
1262 1655 1534 1695 Ἀριστογείτονος
1557 1656 1650 1687 αὐτὸς

926 1697 1136 1736 ἠγωνίστατο,
1168 1698 1218 1727 καὶ
1249 1698 1315 1728 τὸν
1349 1698 1433 1738 περὶ
1463 1700 1538 1728 τῶν
1569 1698 1651 1728 ἀτε-

926 1742 1040 1769 λειῶν
1065 1739 1113 1769 διὰ
1140 1739 1196 1770 τὸν
1223 1740 1361 1780 Χαβρίου
1387 1742 1481 1771 παῖδα
1509 1740 1651 1777 Κτήσιπ-

926 1795 995 1820 πον,
1013 1783 1051 1813 ὥς
1072 1789 1170 1822 φησιν
1191 1782 1294 1813 αὐτός·
1317 1784 1355 1814 ὡς
1377 1784 1401 1813 δ’
1420 1783 1492 1813 ἔνιοι
1509 1782 1652 1836 λεγουσι,

926 1825 986 1860 τὴν
1010 1837 1130 1864 μητερα
1154 1826 1210 1854 τοῦ
1235 1826 1398 1856 νεανίσκου
1424 1838 1592 1863 μνωμενος·
1617 1827 1652 1855 οὐ

927 1867 989 1905 μὴν
1006 1867 1103 1905 ἔγημε
1119 1866 1249 1906 ταύτην,
1263 1868 1348 1898 ἀλλὰ
1365 1868 1464 1908 Σαμίᾳ
1478 1868 1538 1898 τινι
1554 1880 1583 1898 κ.
1587 1880 1616 1898 τ.
1619 1874 1651 1898 λ.

930 1910 1021 1940 (Jonf.
1048 1911 1176 1949 Ulpian.
1202 1912 1240 1940 ad
1265 1912 1357 1941 Orat.
1383 1922 1411 1950 p.
1437 1919 1510 1950 477,
1532 1920 1579 1940 12.
1609 1912 1653 1949 [et

929 1953 1080 1982 Aristidis
1118 1953 1377 1983 declamationem
1417 1954 1455 1983 ab
1487 1954 1529 1982 A.
1563 1954 1654 1984 Maio

929 1996 1045 2025 editam
1070 2006 1098 2034 p.
1119 2004 1147 2024 2.
1171 1995 1245 2033 (vol.
1271 2005 1298 2025 z.
1324 2007 1353 2035 p.
1372 1996 1444 2026 611.
1469 1997 1516 2026 ed.
1538 1997 1653 2035 meae.)

930 2038 969 2066 G.
996 2038 1235 2076 DINDORF.]
1294 2039 1340 2068 At
1370 2038 1450 2068 nihil
1482 2038 1579 2077 hujus
1608 2039 1653 2069 rei

929 2080 1022 2111 habet
1051 2081 1233 2110 Dinarchus
1264 2080 1322 2111 Or.
1350 2090 1460 2111 contra
1488 2081 1652 2112 Demosth.

930 2133 958 2162 p.
979 2132 1041 2161 74„
1058 2123 1112 2152 ubi
1134 2124 1291 2153 orationes
1311 2134 1329 2153 a
1344 2130 1453 2153 nostro
1474 2124 1549 2154 dicit
1570 2135 1652 2154 mer-

929 2166 1003 2195 cede
1018 2166 1208 2205 conscriptas
1228 2176 1293 2196 esse
1310 2165 1384 2206 ὑπὲρ
1402 2165 1588 2202 Κτησίππου
1604 2166 1654 2197 καὶ

929 2208 1102 2247 Φορμίωνος
1132 2208 1181 2238 καὶ
1213 2207 1326 2248 ἑτέρων
1355 2211 1494 2239 πολλῶν.
1547 2210 1654 2247 Quem

930 2251 1034 2280 locum
1058 2251 1121 2280 huc
1143 2252 1341 2290 potissimum
1366 2253 1467 2282 refero
1488 2252 1569 2281 nihil
1590 2262 1657 2282 mo-

932 2300 1019 2323 ratus
1047 2294 1166 2323 Reiskii
1191 2294 1506 2331 animadversionem,
1530 2295 1655 2325 tametsi

931 2346 995 2365 non
1034 2336 1188 2375 negarim,
1222 2337 1326 2366 forsan
1362 2337 1394 2366 in
1433 2337 1502 2367 aliis
1532 2348 1657 2377 quoque

931 2379 1058 2415 caussis,
1076 2389 1153 2417 quas
1175 2380 1369 2419 ignoramus,
1388 2381 1534 2419 Ctesippo
1554 2380 1656 2410 eidem

933 2421 1182 2452 Demosthenem
1210 2433 1241 2451 se
1266 2421 1441 2461 συνήγορον
1464 2423 1653 2462 praebuisse.

933 2464 1021 2501 Quid
1045 2470 1152 2494 autem
1167 2467 1180 2494 ?
1210 2465 1342 2495 Nihilne
1365 2475 1492 2495 caussae
1513 2466 1574 2495 suit
1598 2465 1656 2494 Di-

932 2507 1061 2544 narcho,
1085 2517 1142 2536 cur
1164 2508 1242 2537 (11105
1270 2508 1342 2537 istos
1370 2518 1408 2537 ex
1433 2514 1479 2537 tot
1506 2508 1574 2537 aliis
1600 2518 1657 2536 110-

933 2549 1094 2579 minarit?
1135 2550 1238 2578 Immo
1271 2556 1379 2586 putem
1410 2550 1517 2579 fuisse.
1564 2550 1658 2579 Certe

935 2590 1147 2624 Phormionis‚
1177 2592 1230 2629 qui
1261 2591 1404 2621 Pasionis
1434 2592 1496 2622 suit
1525 2591 1657 2622 libertus

933 2638 964 2662 et
981 2633 1123 2662 diversus
1140 2633 1225 2662 haud
1242 2634 1336 2663 dubie
1355 2635 1393 2663 ab
1409 2644 1459 2669 eo,
1477 2634 1530 2673 qui
1546 2634 1578 2663 in
1596 2634 1654 2664 Or.

935 2673 1009 2713 ὑπὲρ
1048 2674 1167 2704 δανείου
1205 2675 1420 2714 compellatur,
1454 2676 1657 2707 Phormionis

934 2717 1032 2755 igitur
1055 2717 1138 2747 illius
1162 2718 1370 2756 patrocinium
1397 2719 1538 2749 dedecori
1562 2719 1658 2749 fuisse

936 2767 1052 2797 nostro,
1078 2767 1163 2799 patet
1184 2771 1223 2790 ex
1246 2761 1331 2791 Plut.
1349 2761 1368 2789 1.
1387 2771 1412 2791 0.
1434 2772 1463 2800 p.
1481 2762 1542 2800 852
1561 2761 1609 2799 F„
1626 2768 1658 2791 et

935 2803 1094 2840 probabile
1125 2803 1214 2833 nobis
1245 2803 1280 2832 fit
1311 2814 1349 2833 ex
1380 2804 1447 2843 ipsa
1477 2804 1568 2834 Orat.
1601 2814 1658 2842 pro

937 2844 1131 2875 Phormione
1157 2856 1184 2884 p.
1212 2856 1284 2886 944.
1310 2852 1341 2876 et
1366 2847 1489 2877 duabus
1514 2856 1596 2885 seqq.
1624 2847 1659 2875 in

936 2887 1142 2926 Stephanum.
