1997 3256
526 159 846 203 ADVERSUS
883 163 1206 204 LEPTINEM.
1539 162 1621 207 709

107 266 401 361 ἵηνὸδίιὲελῶς,
437 267 617 321 glossam
659 269 995 309 antecedentium
1033 270 1083 319 μὴ
1116 269 1440 320 ἐπισεσυρμένως.
1491 269 1539 308 F.
1564 270 1619 308 A.

165 378 261 428 496,
287 389 351 430 23.
375 378 425 419 ὡς
454 382 651 429 Μεγαρεῖς
680 381 740 419 καὶ
763 380 990 429 Μεσσηιιοί
1017 397 1118 421 τινες
1146 398 1177 419 κ.
1200 397 1232 419 τ.
1257 380 1311 433 λ.]
1337 380 1491 420 Locum
1513 380 1621 419 hunc

107 432 218 485 apud
241 432 442 485 Apsinem
471 434 697 488 reperimus
725 450 763 488 p.
787 438 881 488 697.
887 468 895 483 ,
919 436 990 475 sed
1018 440 1227 475 1111111111111
1254 436 1358 475 adeo
1379 440 1427 475 ut
1452 436 1551 489 quid
1580 435 1622 474 in

107 502 157 527 eo
187 488 331 528 rhetm
361 489 508 543 legerit
539 489 632 530 aliis
667 491 935 530 divinandum
966 491 1111 530 lubens
1142 491 1384 544 relinquam.
1449 491 1623 545 Legitur

108 543 189 583 ibi:
224 545 273 585 ὡς
296 548 495 596 Μεγαρεῖς
521 547 580 585 καὶ
604 547 826 596 Μεσσηιιοι
854 548 1005 588 ἀτελεῖς
1031 563 1131 587 τιιες
1158 548 1292 596 ἀθρόοι
1321 548 1516 596 ἄνθρωποι
1538 550 1622 586 δοῦ-

108 604 172 638 λοι
213 600 273 639 καὶ
307 603 509 652 μαστιγίαι
552 620 582 640 κ.
620 618 652 640 τ.
690 608 728 641 λ.
801 601 847 640 In
899 608 1067 655 promtu
1108 606 1172 641 est
1212 601 1349 641 videre
1389 602 1623 654 subjectum

108 655 310 694 orationis
341 670 431 696 csse
457 657 571 705 τινές,
599 663 641 696 01
673 658 751 696 11110
784 657 926 697 referri
955 658 1175 708 φάσκοντες
1207 657 1305 696 εἶναι
1338 661 1535 708 Μεγαρεῖς
1561 658 1624 697 καὶ

110 711 347 760 Μεσσήυιοι,
369 719 411 752 et
440 712 499 752 ita
528 713 743 765 periodum
771 712 901 766 accipi
931 713 1105 752 debere:
1141 712 1288 752 Dicent
1307 713 1623 765 adlmcfortasse

107 766 334 806 adversarii
366 769 488 808 nostri
517 768 687 808 homines
719 769 908 822 qaosdam
939 769 1119 821 reperiri.
1152 768 1222 821 qui
1253 769 1433 821 quamvis
1462 782 1511 807 *ne
1544 768 1624 821 ipsi

108 822 266 875 quidem
297 823 540 863 dissimulent
570 831 641 864 aat
670 824 856 864 occultent
886 826 1135 876 Ille-aarenses
1163 830 1197 863 et
1225 824 1440 864 Messenios
1469 838 1506 864 se
1533 838 1623 872 esse,

112 878 173 930 (11.
194 893 229 918 0.
254 893 327 918 non
348 880 448 919 cives
468 880 639 931 Atticos)
664 880 920 919 nihilominus
944 880 1407 932 immunitatefi'aantur
1426 880 1484 920 ad
1502 894 1624 919 unam

109 948 247 974 omnes.
313 934 420 974 Dein
453 950 558 988 quae
588 936 784 989 leguntur
813 935 981 976 nomina
1010 935 1187 975 articulo
1213 936 1430 984 destituta,
1458 938 1624 978 Λυκίδας

111 991 172 1029 καὶ
209 992 428 1039 Διονύσιος,
465 991 624 1044 optime
656 996 801 1031 nostra
835 996 910 1031 aut
945 992 1085 1045 aliqua
1117 992 1348 1032 recentiore
1380 992 1521 1045 lingua
1556 1006 1624 1031 ex-

109 1045 264 1099 primas
291 1047 355 1086 em
376 1048 565 1100 Lycidas,
587 1047 650 1087 ein
674 1048 906 1099 Dionysias.
970 1048 1050 1088 Sed
1079 1048 1256 1088 alterum
1278 1048 1426 1088 horum
1454 1062 1624 1101 prorsus

110 1101 373 1155 ignoramus3
430 1103 626 1156 Lycidan]
666 1118 763 1143 vero
804 1104 892 1157 ipse
933 1109 1078 1144 orator
1117 1105 1238 1144 docet
1279 1104 1376 1143 olim
1418 1103 1624 1144 Chabriae

111 1172 273 1197 servum
312 1159 450 1207 fuisse7
487 1174 583 1199 mox
624 1160 763 1213 populi
807 1160 964 1200 Athen.
1006 1175 1248 1213 proxenum.
1322 1160 1456 1200 Addit
1497 1160 1624 1200 schol.

111 1213 319 1254 hominem
341 1215 601 1255 conducticio
623 1215 822 1256 exercitui
844 1216 1084 1270 praefuisse.
1128 1217 1178 1256 F.
1204 1217 1257 1255 A.
1284 1216 1473 1256 WOLF.

167 1273 263 1333 496
287 1273 350 1309 26.
375 1289 392 1310 ε
397 1271 641 1323 ξειλεγμέιὊι
661 1272 846 1325 postulat
868 1278 915 1312 ut
939 1274 1102 1313 Λυκίδας
1122 1286 1228 1326 pio
1218 1272 1456 1311 accusativo
1477 1271 1625 1325 plurali

110 1326 343 1390 accipiatin
364 1327 536 1380 ideoque
559 1328 636 1368 eti.n
631 1343 686 1368 111
709 1329 939 1370 Διονυσίους
965 1328 1007 1367 111
1033 1329 1177 1368 eodem
1200 1343 1297 1368 casu
1318 1328 1509 1381 legatum
1545 1342 1627 1381 quo

112 1387 238 1435 pacto
271 1383 350 1422 elit
383 1384 614 1423 sententia:
655 1390 914 1437 posteaquam
944 1385 1168 1424 asse'steonz‘s
1196 1398 1289 1424 suae
1318 1383 1629 1437 comprobandae

111 1452 201 1491 erqo
222 1438 431 1491 deleverint
452 1440 629 1491 Lycidas
649 1440 839 1492 quosdam
863 1446 896 1479 et
916 1440 1129 1492 Dz'onysios
1149 1447 1183 1480 et
1210 1439 1309 1479 alios
1335 1439 1627 1492 estcsdemjari-

112 1507 197 1533 ozae.
261 1494 368 1534 Nam
400 1500 540 1548 potest
571 1495 716 1549 utique
748 1495 1017 1549 participium
1048 1496 1125 1535 hoc
1159 1495 1331 1548 perfecti
1362 1495 1515 1548 passivi
1547 1495 1627 1534 vim

112 1549 238 1589 activi
270 1550 471 1597 obtinere.
505 1552 616 1604 quod
646 1552 803 1591 frustra
833 1556 1025 1605 negatur.
1074 1552 1266 1592 REISK.
1340 1551 1628 1591 Nominativos

115 1605 334 1646 Dobraeus
355 1607 415 1646 ita
437 1607 623 1647 defendit
652 1612 698 1647 111
725 1607 864 1647 subito
893 1607 1104 1647 detortam
1126 1608 1358 1648 orationem
1380 1621 1468 1647 esse
1494 1612 1627 1660 putet,

113 1660 183 1701 ubi
207 1667 491 1715 exspectasses
513 1663 683 1703 tertium
705 1677 867 1711 nomen,
890 1663 1239 1716 quemadmodum
1261 1678 1299 1716 p.
1316 1676 1411 1716 505,
1430 1676 1469 1715 3.
1494 1663 1630 1702 oratio

113 1717 390 1771 abrumpatur
410 1719 545 1758 verbis
568 1720 629 1758 καὶ
650 1720 692 1758 τὸ
716 1719 855 1758 λοιπὸν
878 1720 939 1758 ἐῶ.
1002 1719 1122 1769 Quod
1149 1719 1312 1773 generis
1334 1719 1451 1758 valde
1478 1718 1628 1758 diversi

113 1778 191 1813 est.
254 1774 362 1813 Mihi
394 1774 514 1828 longe
550 1774 808 1828 probabilior
834 1774 991 1814 Reiskii
1026 1775 1265 1828 conjectura
1295 1774 1471 1823 videtur,
1505 1788 1630 1827 quam

116 1828 334 1870 Dobraeus
356 1845 520 1884 quoque
540 1831 620 1870 alio
642 1835 830 1884 tempore
851 1831 1116 1883 probaverat.

171 1897 267 1937 497.
297 1900 329 1925 1.
364 1888 407 1925 ἐυ
439 1888 495 1928 οἷς
526 1888 678 1928 ἀτελεῖς
715 1887 814 1926 εἰσὶν
847 1887 967 1939 οὗτοι]
1007 1886 1120 1926 Bene
1154 1886 1370 1926 Reiskius:
1416 1892 1439 1908 ⁴⁶
1464 1885 1632 1926 Scilicet

115 1941 414 1992 γεγραμμένοι.”
487 1943 566 1982 Sed
605 1957 704 1982 cave
738 1942 816 1981 hoc
857 1942 1002 1981 addas,
1035 1942 1320 1995 psephismata,
1356 1955 1457 1994 qaae
1496 1942 1633 1981 horam,

115 2003 240 2037 tenent
262 1998 420 2038 nomina
442 2005 484 2037 ut
505 1998 736 2051 adeptorum
758 1998 1056 2037 inmunitatem.
1101 1997 1352 2038 SCHAEF.

172 2066 268 2104 497,
292 2067 330 2105 3.
359 2053 694 2104 πρόξενοι-παρ’
717 2055 824 2106 ὑμῖν]
861 2054 1005 2094 Citant
1035 2054 1194 2093 Anecd.
1227 2053 1358 2093 Bekk.
1380 2068 1421 2106 p.
1451 2054 1540 2106 163,
1568 2065 1630 2105 23.

121 2108 374 2149 SCHAEF.

173 2175 270 2217 497,
295 2166 331 2205 8.
361 2168 423 2205 διὰ
444 2166 769 2217 τοὺς-πρόξενοι
795 2166 999 2219 γεγόνασι]
1022 2167 1263 2205 Junxerant
1290 2170 1390 2205 ante
1418 2166 1634 2206 11Ιᾶ1111311-

117 2221 214 2260 (111111
237 2235 378 2261 omnes
400 2223 558 2272 ἑτοίμως
578 2224 759 2272 πρόξενοι
784 2223 985 2273 γεγόνασι,
1009 2222 1133 2275 idque
1161 2222 1301 2261 forsan
1329 2221 1479 2274 aliquis
1499 2221 1633 2262 feren-

117 2277 214 2315 dum
236 2282 369 2330 putet.
433 2277 515 2317 Sed
535 2277 661 2317 malui
683 2292 775 2316 cum
803 2277 871 2317 illo
896 2277 1070 2317 incisum
1091 2291 1246 2330 ponere
1274 2283 1369 2330 post
1392 2279 1563 2327 ἑτοίμως,
1587 2282 1635 2317 ut

118 2332 196 2372 sit:
221 2340 388 2386 propter
407 2347 476 2381 eos,
500 2334 568 2386 qai
592 2333 781 2385 ejusmodi
808 2333 959 2372 decreta
972 2333 1105 2386 pretio
1126 2339 1244 2385 atque
1272 2333 1441 2372 mercede
1460 2333 1636 2374 scribunt

107 2388 290 2440 faciles
317 2395 356 2428 et
373 2389 556 2442 parati.
620 2389 815 2428 Ceterum
836 2403 1009 2441 pravum
1030 2389 1139 2427 hunc
1162 2402 1320 2427 morem
1343 2388 1523 2428 Athenis
1544 2393 1634 2429 tum

117 2444 241 2483 fuisse
273 2448 320 2484 ut
352 2444 543 2497 quaestui
573 2444 779 2484 haberent
814 2458 957 2497 remp.7
992 2458 1112 2483 nemo
1146 2443 1327 2491 dubitet,
1361 2444 1429 2496 qui
1467 2458 1517 2482 ex
1552 2445 1634 2484 Ae-

119 2499 273 2539 schinis
303 2499 374 2540 Or.
399 2500 440 2539 in
464 2500 649 2553 Ctesiph.
672 2515 711 2553 p.
734 2511 830 2550 427.
853 2499 1086 2539 meminerit
1113 2499 1306 2539 fraudum
1338 2499 1378 2537 in
1408 2499 1635 2539 honoribus

120 2555 354 2595 tribuendis
394 2555 549 2595 versari
598 2555 827 2595 solitarum.
905 2555 1106 2595 Nostrum
1148 2560 1289 2594 autem
1337 2554 1435 2593 illud
1476 2555 1636 2595 fraudis

118 2625 248 2665 genus
270 2625 319 2651 eo
339 2611 500 2651 facilius
521 2610 609 2649 fieri
637 2611 787 2664 potuit,
811 2610 908 2663 quia
928 2611 1110 2661 προξενία
1131 2617 1400 2649 ornamentum
1426 2615 1532 2657 erat,
1553 2625 1635 2650 non

120 2668 388 2720 mayz'stratns.
454 2666 551 2705 Vid.
575 2667 653 2706 hac
683 2667 733 2705 de
760 2680 805 2705 re
829 2666 1030 2705 Valcken.
1055 2665 1276 2704 Animadv.
1299 2665 1353 2704 ad
1376 2665 1572 2705 Ammon.
1594 2679 1635 2719 3.

124 2735 184 2761 10.
251 2724 448 2773 Προξευία
469 2723 601 2762 honor
626 2722 666 2760 in
689 2727 879 2775 posteros
901 2735 1064 2774 quoque
1093 2721 1253 2760 cedens.
1317 2720 1414 2760 Vid.
1438 2721 1635 2775 Xenoph.

121 2777 283 2818 Hellen.
317 2784 353 2826 6
392 2792 424 2827 1,
457 2793 496 2829 4.
542 2778 590 2817 F.
616 2780 670 2816 A.
698 2777 754 2814 W
759 2777 892 2816 OLF.
957 2776 1357 2816 Subdistinctionem
1400 2791 1425 2816 a
1467 2776 1638 2817 Reiskio

121 2839 218 2886 post
259 2835 417 2883 ἑτοίμως
456 2834 637 2887 positam
678 2832 819 2872 (101011.
864 2834 1021 2881 ἑτοίμως
1064 2838 1204 2870 autem
1248 2832 1508 2885 jungendum
1548 2847 1637 2872 esse

122 2889 345 2942 palticipio
367 2889 592 2940 γράφοντας
614 2888 755 2942 ecquis
777 2887 966 2928 dubitet
956 2890 968 2913 ⁷
1011 2886 1263 2926 SCHAEF.

179 2956 365 2997 497715.
404 2944 622 2999 ἐξαρκέσει]
660 2944 744 2984 Alii
779 2943 872 2983 libri
908 2943 1142 2993 ἐξαρκέσειε.
1203 2941 1429 2982 Mutalunt
1473 2943 1543 2996 qui
1586 2944 1638 2982 ob
