1997 3256
343 149 427 190 832
931 149 993 189 IN
1027 149 1277 191 MIDIAM.

398 249 582 303 573,18.
615 249 797 304 Σκίτωνι]
847 249 942 289 Non
981 255 1073 290 erat
1114 264 1187 290 cur
1227 250 1278 290 de
1319 250 1397 290 hoc
1439 249 1605 290 nomine
1641 249 1858 290 dubitaret

341 305 550 346 Reiskius
613 308 775 352 Σκίτων,
800 306 1048 346 Democedis
1079 320 1233 354 servus,
1262 310 1520 347 memoratur
1550 307 1603 347 ab
1637 306 1857 346 Herodoto

338 375 378 416 3,
407 374 513 415 130„
545 361 646 401 fullo
678 361 860 416 quidam,
894 363 944 405 ὡς
979 363 1137 413 εὐτελὴς
1169 364 1231 402 ἐπὶ
1261 364 1426 416 πονηρίᾳ
1456 364 1766 417 κωμῳδούμενος,
1803 363 1857 402 ab

339 418 466 458 schol.
500 417 720 473 Aristoph.
754 419 832 474 Eq.
866 421 959 473 631.
1028 419 1295 473 Appellativo
1330 432 1429 458 usus
1469 424 1533 459 est
1566 419 1856 466 Pherecrates,

341 474 393 514 de
425 489 506 527 quo
535 474 662 515 Phot.
692 476 792 516 Lex.
821 491 860 530 p.
887 488 984 529 5¹22,
1012 487 1075 529 15.
1142 477 1291 515 Σκίτων
1320 475 1470 528 (codex
1502 477 1655 523 σκιτών,
1688 475 1761 515 sed
1791 490 1857 516 ac-

339 535 463 570 centu
499 532 553 572 ab
587 537 825 573 correctore
860 531 1033 586 posito)·
1063 531 1243 581 ἀσθενής·
1276 531 1433 574 οὐδενὸς
1460 532 1575 581 ἄξιος·
1608 533 1704 572 οὕτω
1736 536 1855 583 Φερε-

340 586 489 637 κράτης.

397 642 572 697 δόξαντι]
609 643 704 684 Νο11
732 643 902 698 ignarus
928 658 1071 684 eorum
1093 659 1200 698 quae
1222 644 1276 684 ad
1298 643 1603 683 defendendum
1635 645 1745 684 hunc
1778 643 1858 683 sin-

337 699 527 753 gularem
555 700 636 739 dici
667 705 855 755 possunt,
879 705 1020 741 tamen
1043 715 1166 755 aegre
1193 715 1285 741 eum
1314 700 1379 740 hic
1407 700 1506 740 fero.
1571 700 1857 754 perspicuitas

338 755 515 810 requirit
538 756 688 807 δόξασι.
732 757 958 797 BUTTM.

396 824 493 866 573,
520 825 585 866 23.
608 814 913 866 ῥῆμα-ὄνομα]
946 816 1045 865 ῥῆμα
1067 818 1110 854 et
1132 815 1255 864 ὄνομα
1278 813 1335 853 sic
1354 813 1500 867 juncta
1523 812 1859 866 complectuntur

340 868 545 923 quidquid
564 869 784 923 loquimur.
831 870 1084 910 SOHAEF,

395 936 447 978 57
453 938 491 978 3,
518 927 581 966 26.
605 925 764 980 δεῖγμα]
800 926 1018 980 Specimen
1040 941 1203 966 morum
1225 930 1471 972 vestrorum,
1496 941 1517 965 e
1540 940 1621 979 quo
1643 925 1859 965 universus

337 981 501 1021 animm
503 996 573 1021 um
594 987 829 1023 vestrorum
851 983 1022 1023 habitus
1044 982 1179 1037 colligi
1202 988 1340 1037 queat.
1384 982 1579 1022 REISK.

394 1049 492 1091 574,
514 1051 574 1078 11.
599 1040 674 1090 ἐγὼ
707 1045 844 1089 νομίζω
876 1040 1024 1081 πάντας
1055 1041 1280 1090 ἀνθρώπους
1309 1057 1340 1079 κ.
1364 1056 1395 1079 τ.
1418 1038 1477 1102 λ.]
1513 1039 1628 1079 Conf.
1651 1054 1688 1092 1).
1711 1051 1809 1092 547,
1834 1038 1856 1077 8

339 1108 428 1147 sqq.
492 1094 614 1134 Tales
636 1096 863 1135 eorundem
892 1096 1076 1136 locorum
1099 1095 1436 1149 comparationes
1463 1095 1651 1159 inprimis
1683 1095 1731 1134 iis
1761 1099 1858 1135 sunt

337 1151 708 1199 commendandae,
726 1151 795 1205 qui
818 1151 928 1192 inter
948 1158 1209 1206 aigumenta,
1229 1152 1378 1206 quibus
1400 1152 1563 1205 spmias
1584 1151 1857 1191 Demostheni

338 1206 553 1247 orationes
574 1207 846 1255 vindicarent,
870 1208 997 1248 etiam
1019 1209 1256 1261 hujusmodi
1278 1208 1548 1262 repetitiones
1570 1208 1674 1247 miro
1701 1207 1858 1261 judicio

337 1263 587 1304 retulerunt.
649 1264 790 1305 Aliter
817 1269 962 1305 orator
988 1264 1231 1311 sententias,
1255 1279 1361 1318 quae
1383 1265 1435 1304 ob
1458 1279 1576 1304 suam
1605 1264 1858 1318 gravitatem

338 1320 592 1373 repetendae
614 1321 865 1367 viderentur,
890 1321 1072 1366 iteravit,
1095 1321 1219 1361 aliter
1240 1321 1382 1361 simiae
1406 1320 1587 1362 oratoris
1618 1321 1777 1374 scripta
1804 1321 1857 1361 ab

337 1375 406 1416 illo
429 1377 677 1417 centonibus
698 1377 782 1417 suis
805 1378 1035 1418 insuerunt.
1079 1377 1331 1418 SCHAEF.

393 1444 495 1486 574,
514 1444 574 1485 17.
598 1435 759 1487 οὑτοσί]
797 1434 968 1474 Midias.

394 1502 490 1542 575,
516 1491 553 1529 6.
581 1490 874 1544 διακρούσηται]
925 1491 1089 1531 Scilicet
1121 1491 1189 1531 τὸν
1216 1492 1391 1542 παρόντα
1426 1491 1616 1531 κίνδυνον.
1659 1489 1857 1530 REISK.

340 1545 457 1586 Infra
478 1561 518 1600 p.
536 1558 636 1600 579,
656 1559 716 1588 12.
740 1551 814 1587 ποῦ
836 1547 1094 1599 ληφθήσεται,
1120 1551 1189 1587 νῦν
1207 1547 1254 1587 ἂν
1271 1548 1569 1598 διακρούσηται,
1606 1546 1857 1587 SCHAEF.

394 1613 491 1656 575,
517 1614 552 1655 7.
576 1603 644 1643 τὸν
665 1605 839 1655 παρόντα
863 1604 1013 1657 καιρὸν]
1049 1606 1117 1646 τὰς
1139 1607 1209 1644 νῦν
1229 1605 1488 1654 περιστάσεις.
1532 1603 1785 1643 SCHAEF.

393 1670 494 1712 575,
513 1662 574 1699 16.
603 1661 948 1710 ὑμεῖς-ἕκαστον
970 1660 1095 1715 ὑμῶν]
1133 1660 1280 1701 Citant
1303 1660 1463 1700 Aneed.
1488 1660 1620 1701 Bekk.
1644 1676 1683 1714 1).
1706 1662 1795 1709 126,
1817 1674 1856 1714 5.

340 1715 591 1756 SCHAEF.

394 1784 490 1826 575,
517 1784 575 1824 [7.
602 1774 750 1816 τούτοις
782 1773 982 1828 ἀξιοῦντα]
1017 1776 1079 1814 διὰ
1107 1775 1254 1814 τούτων
1280 1777 1357 1813 τῶν
1385 1775 1513 1823 νόμων
1540 1773 1660 1823 δήπου
1693 1774 1754 1814 καὶ
1783 1777 1859 1813 τῶν

335 1830 473 1881 ὅρκων.
510 1829 703 1870 WOLF.
767 1830 899 1869 Immo
926 1830 1144 1885 jungenda
1169 1831 1319 1872 τούτοις
1341 1831 1611 1882 ψηφίσασθαι.
1673 1830 1857 1884 Opponi-

335 1890 407 1926 tm
428 1887 728 1928 τούτοις-δοῦν
722 1905 770 1927 αι
792 1904 862 1936 τηι
883 1890 1023 1938 ψηφον
1039 1901 1158 1941 1.15.
1203 1886 1313 1927 SCH
1320 1886 1455 1925 AEF.

393 1954 490 1996 575.
511 1955 576 1993 24.
600 1942 739 1998 φησει]
775 1943 942 1984 Scilicet
964 1945 1134 1994 τούνομα
1154 1946 1266 1983 τοῦτο
1289 1944 1338 1985 ὡς
1358 1945 1508 1984 ὄνειδος
1529 1942 1735 1995 προφέρων
1758 1944 1856 1993 ἐμοί,

337 2004 385 2039 ut
406 1998 562 2053 legitur
582 1999 689 2039 infra
710 2015 749 2054 p.
772 2013 823 2070 57
818 2002 871 2048 6,
890 2014 953 2071 13.
999 2000 1110 2040 SGH
1116 1999 1249 2039 A.EF

395 2057 471 2107 ἐγὼ
494 2055 538 2104 ὃ,
563 2058 596 2096 εἰ
615 2058 814 2106 μὲν-οὐκ
838 2057 885 2096 ἂν
909 2059 989 2106 εἵηι
1011 2057 1122 2099 οὗτος
1150 2055 1246 2110 ἐγώ]
1281 2056 1397 2096 Citat
1420 2055 1600 2095 Photius
1623 2070 1653 2095 s.
1676 2070 1711 2095 v.
1733 2055 1856 2107 ῥήτωρ

337 2126 419 2152 11011
442 2112 530 2151 sine
551 2113 684 2152 multa
706 2113 940 2167 scripturae
962 2112 1220 2153 diversitate
1266 2112 1517 2153 SCHAEF.

394 2169 491 2221 576,
514 2179 577 2222 15.
611 2168 713 2220 τάχα
743 2171 874 2209 τοίνυν
903 2172 996 2210 ἴσως
1023 2187 1054 2208 κ.
1078 2186 1111 2208 τ.
1140 2169 1197 2222 λ.]
1240 2168 1305 2209 Cit
1311 2174 1356 2209 it
1387 2168 1721 2208 h.l.A1istides
1745 2168 1793 2207 T.
1817 2183 1856 2238 1).

340 2227 434 2279 258.
463 2228 505 2264 et
536 2226 629 2265 260.
656 2225 711 2265 ad
742 2225 851 2264 hunc
883 2225 1076 2265 modum:
1112 2225 1214 2278 τάχα
1245 2227 1376 2265 τοίνυν
1404 2226 1465 2264 καὶ
1497 2228 1653 2264 τοιαῦτα
1685 2226 1774 2275 ἐρεῖ,
1808 2226 1858 2266 ὡς

336 2280 557 2331 ἐσκεμμένα
578 2281 706 2321 πάντα
727 2281 829 2333 λέγω
854 2286 923 2321 νῦν
946 2283 1035 2333 ἐγώ.
1082 2283 1159 2333 ἐγὼ
1181 2282 1224 2322 δέ
1244 2281 1278 2333 γ’
1300 2281 1491 2332 ἐσκέφθαι
1507 2305 1571 2320 --.
1619 2280 1813 2321 RElSK.

398 2339 495 2392 576,
520 2340 582 2378 16.
615 2339 690 2390 ἐγὼ
722 2337 916 2389 δ’-ἐρεῖν
949 2338 1136 2392 ἔμελλον]
1173 2338 1287 2379 Citat
1321 2337 1622 2378 Pseudo-Plut.
1655 2338 1705 2378 de
1739 2338 1856 2378 educ.

337 2409 453 2448 puer.
477 2409 515 2448 p.
540 2397 563 2433 6
588 2394 641 2434 D.

393 2453 490 2505 576,
513 2451 574 2491 18.
605 2451 666 2490 καὶ
697 2451 1004 2501 μεμελετηκέναι
1031 2449 1086 2504 γ’]
1124 2450 1224 2490 Plus
1255 2455 1319 2491 est
1349 2453 1521 2501 μελετᾶν
1543 2465 1667 2504 quam
1695 2449 1856 2490 σκέπτε-

337 2511 442 2547 σθαι.
507 2507 607 2547 Ideo
638 2507 829 2548 additum
862 2506 911 2558 γ’.
969 2507 1023 2547 V.
1048 2511 1135 2548 not.
1158 2508 1212 2547 ad
1239 2507 1418 2547 Porsoni
1447 2507 1604 2547 Phoen.
1631 2522 1670 2561 1).
1696 2518 1764 2561 52.
1791 2507 1857 2546 ed.

336 2568 433 2604 tert.
461 2564 572 2618 Lips.
634 2564 795 2605 Eadem
817 2563 1012 2617 gradatio
1035 2578 1131 2604 mox
1149 2579 1185 2603 v.
1207 2577 1272 2617 23.
1299 2563 1340 2603 in
1362 2563 1450 2603 his:
1483 2564 1555 2616 οὐχ
1577 2565 1596 2603 ὁ
1620 2563 1857 2614 ἐσκεμμένος

336 2620 413 2660 οὐδ’
433 2623 452 2660 ὁ
473 2621 724 2671 μεριμνήσας.
769 2620 1020 2660 SOHAEF.

392 2687 489 2731 577,
513 2690 552 2731 3.
577 2678 698 2730 ἐρεῖν]
739 2676 958 2717 Sententia
989 2681 1076 2717 est:
1113 2676 1266 2717 Nullus
1298 2676 1458 2724 dubito,
1489 2690 1594 2724 eum,
1619 2690 1724 2728 quae
1755 2680 1855 2715 tunc

336 2733 522 2780 dixisset,
556 2733 703 2774 eadem
738 2747 847 2772 nunc
880 2748 1044 2787 quoque
1079 2733 1135 2772 nil
1166 2733 1543 2773 verecumlaturum
1579 2746 1668 2772 esse
1704 2731 1853 2779 dicere,

336 2789 461 2830 scilic.
480 2790 719 2830 concionem
742 2790 865 2837 illam,
885 2805 992 2843 quae
1014 2790 1313 2844 praejudicium
1335 2794 1482 2829 contra
1503 2803 1547 2828 se
1568 2788 1745 2836 tulisset,
1761 2803 1856 2827 con-

336 2846 495 2886 stitisse
517 2847 774 2886 solummodo
797 2860 818 2886 e
840 2847 952 2886 faece
974 2846 1118 2900 plebis.
1142 2861 1192 2886 ex
1215 2846 1308 2894 illis,
1331 2845 1412 2898 (1111,
1436 2859 1529 2884 011111
1551 2844 1793 2884 debuissent
1814 2844 1855 2883 in

337 2908 478 2943 eastra
503 2903 627 2951 exire,
651 2903 762 2942 domi
794 2903 1058 2949 mansissent,
1082 2907 1156 2943 aut
1188 2902 1396 2956 praesidia
1418 2915 1546 2941 vacua
1578 2901 1854 2955 reliquissent,

338 2958 379 2996 in
409 2959 558 3011 quibus
589 2960 753 3013 patriae
786 2959 1023 3012 praesidere
1055 2959 1321 2998 debuissent:
1356 2962 1613 3012 quapropter
1645 2957 1699 2997 illi
1738 2972 1854 3011 prae-
