1997 3256
464 156 790 196 ADVERSUS
825 158 1342 198 ARISTOCRATEM.
1577 160 1660 201 9539

150 261 416 300 Aristocrate
451 261 718 301 obleeuturos
751 261 896 315 fingit:
948 262 1173 302 factionem
1206 261 1344 310 fuisso,
1380 276 1484 316 quae
1517 262 1661 303 Chari—

148 316 269 355 (101110
289 318 459 365 faveret,
482 317 610 357 etiam
632 332 682 356 ex
704 317 793 358 aliis
815 318 913 357 locis
936 318 1079 371 liquet.
1116 317 1348 357 Wlfflffllffi.

207 374 301 425 657,
327 385 391 412 20.
414 376 481 414 τὰς
504 375 543 422 ἐξ
567 374 878 427 ’Λμ(])ιπόλοως.]
918 374 1086 427 Optime
1107 373 1268 413 sciebat
1292 372 1510 426 Philippus
1533 387 1661 426 quan-

148 431 238 467 tum
260 442 335 468 sua
358 428 579 469 interesset
604 429 888 483 Amphipolim
914 430 1137 482 possidere.
1201 428 1371 467 Diodor.
1400 433 1462 477 16,
1487 431 1552 468 81.
1575 430 1598 479 ἡ
1620 431 1661 468 δὲ

148 484 262 525 πόλις
283 486 376 535 αὕτη
399 484 552 534 κειμένη
576 488 671 525 κατὰ
692 489 756 535 τῆς
779 485 935 538 Θρᾴκης
957 486 1018 525 καὶ
1040 489 1116 525 τῶν
1137 486 1329 536 σύνεγγυς
1357 485 1486 524 τόπων
1514 485 1663 535 εὐφυῶς

147 541 280 579 πολλὰ
307 541 553 591 συνεβάλετο
578 544 629 595 τῷ
657 542 839 594 Φιλίππῳ
866 542 960 592 πρὸς
987 541 1161 590 αὔξησιν.
1227 540 1529 592 Praeterquam
1552 541 1661 593 quod

148 610 197 634 ea
225 601 271 636 ut
305 597 659 650 propugnaculum
692 597 931 651 oppositum
962 602 1051 637 erat
1083 596 1314 636 Thracibus
1342 601 1385 636 et
1416 596 1511 635 inde
1533 596 1662 648 ipsius

149 651 354 692 Thraciae
380 658 521 706 partes
545 654 775 706 expugnari
802 657 1011 706 poterant,
1033 652 1136 692 alias
1162 666 1334 703 magnas
1363 651 1663 704 suppeditabat

147 709 498 761 opportunitates,
522 724 627 762 (111110
651 709 845 762 Philippo
866 709 920 749 ad
941 708 1160 761 imperium
1178 704 1517 760 amplificandum
1539 722 1663 760 exop-

149 768 267 803 tatae
288 771 440 805 essent.
509 765 561 804 V.
599 765 784 818 Thucyd.
832 778 861 811 1,
904 766 994 803 108.
1044 763 1130 803 Liv.
1163 777 1230 815 45,
1267 776 1335 816 30.
1407 762 1544 813 Quare
1581 777 1663 802 non

148 819 298 859 mirum
327 826 391 861 est
417 821 527 874 quod
557 821 775 875 Philippus
796 821 849 860 ad
879 834 970 860 eam
999 820 1283 872 occupandam
1307 833 1460 873 magna
1480 818 1665 872 pericula

149 875 331 925 subibat,
354 891 488 931 neque
510 877 717 917 sumtibus
738 877 939 930 parcebat
961 876 1067 915 ullis.
1102 876 1158 914 W
1166 875 1334 914 EssER.

207 934 301 985 657,
328 945 391 973 22.
427 934 463 972 οἳ
487 933 556 972 τὸν
586 933 735 984 πατέρα
768 933 884 972 αὐτοῦ
917 932 1000 972 ποτ’
1026 932 1242 982 ἐξέβαλον]
1274 931 1337 970 De
1370 931 1449 971 hac-
1486 944 1530 970 1'0
1562 930 1663 970 nihil

149 989 252 1028 certi
275 993 455 1029 constat.
501 989 604 1029 Cum
627 989 912 1029 Demosthene
933 987 1142 1028 consentit
1163 987 1405 1027 scholiastes
1428 986 1663 1036 Aeschinis,

149 1045 379 1098 Amyntam
401 1045 540 1085 dicens
561 1060 587 1085 a
609 1045 820 1085 Thessalis
841 1059 971 1097 regno
992 1045 1220 1098 expulsum.
1283 1044 1325 1084 Si
1350 1043 1579 1083 Diodorum
1603 1057 1665 1094 14,

150 1113 216 1154 92.
244 1113 306 1153 15,
337 1115 395 1152 19.
418 1106 570 1141 testem
591 1101 794 1149 audimus‚
818 1101 859 1140 id
886 1103 1048 1141 factum
1075 1105 1139 1141 est
1168 1100 1413 1154 urgentibus
1444 1099 1594 1153 Illyriis
1621 1104 1664 1140 et

149 1157 372 1209 Olynthiis,
396 1172 498 1211 quos
522 1158 729 1198 Isocrates
751 1158 792 1197 in
816 1157 1073 1197 Archidamo
1095 1172 1135 1211 p.
1163 1169 1255 1210 125.
1287 1157 1329 1195 111
1350 1156 1489 1196 animo
1510 1156 1665 1196 habere

150 1213 326 1261 videtur7
350 1229 478 1268 quum
504 1229 578 1253 rex
604 1215 658 1254 ab
685 1229 733 1254 00
762 1214 917 1254 dicitur
940 1215 1113 1264 ἡττηθεὶς
1142 1214 1216 1252 ὑπὸ
1244 1217 1320 1252 τῶν
1346 1212 1563 1264 βαρβάρων
1590 1216 1667 1252 τῶν

148 1272 462 1320 προσοικούντων
481 1271 586 1323 μάχῃ
609 1271 670 1311 καὶ
691 1270 817 1321 πάσης
841 1271 1087 1311 Μακεδονίας
1108 1270 1400 1320 ἀποστερηθείς.
1464 1268 1665 1308 Fortasse

149 1340 219 1365 eos
241 1326 318 1365 hac
340 1326 381 1365 in
403 1341 448 1366 re
470 1327 657 1367 Thessali
677 1327 929 1380 adjuverunt
950 1341 1025 1366 nee
1054 1340 1135 1365 non
1160 1325 1238 1378 ipsi
1271 1325 1541 1373 Macedones,
1563 1339 1667 1378 quos

150 1382 362 1434 Syncellus
385 1382 699 1437 Chronograph.
722 1398 761 1437 p.
788 1385 880 1424 262.
904 1382 1069 1435 tyranni
1091 1382 1329 1435 expulsores
1350 1381 1545 1435 appellat.
1584 1381 1666 1420 Sed

152 1438 340 1478 Thessali
379 1454 544 1493 queque
580 1441 811 1493 Amyntam
852 1439 1066 1479 reduxisse
1107 1438 1149 1477 in
1190 1452 1366 1491 regnum
1406 1437 1603 1477 dicuntur
1642 1452 1667 1477 a

152 1495 339 1534 Diodoro
364 1495 389 1535 l.
413 1510 462 1543 0.,
493 1496 603 1549 quod
632 1496 741 1535 idem
771 1509 831 1548 15,
858 1509 920 1550 19.
948 1509 1026 1548 ope
1056 1493 1483 1534 Lacedaemoniorum
1510 1493 1667 1533 factum

150 1551 262 1599 dicit..
295 1552 480 1592 Isocrate
505 1553 530 1591 1.
554 1567 587 1592 0.
617 1557 659 1592 et
685 1552 892 1605 Panegyr.
920 1567 957 1605 p.
983 1554 1049 1604 67.
1079 1555 1121 1591 et
1151 1551 1351 1603 Xenoph.
1380 1549 1542 1589 Hellen.
1566 1560 1604 1603 5,
1631 1562 1666 1597 2,

150 1608 218 1662 38.
233 1608 588 1649 confirmantibus.
632 1608 693 1649 Cf.
714 1607 973 1648 lViniewskii
996 1611 1266 1647 commentar.
1292 1621 1331 1660 p.
1349 1607 1430 1659 38..
1448 1605 1518 1645 ubi
1540 1606 1668 1645 etiam

151 1664 436 1704 Athenienses
468 1664 578 1705 inter
598 1665 687 1718 ejus
709 1664 976 1705 restitutores
999 1667 1390 1703 commemorantur.
1422 1661 1657 1701 WEBER.

209 1722 304 1773 657,
329 1733 394 1774 23.
415 1722 522 1771 ὑμεῖς
541 1722 808 1772 μὲν-ὅντινα
829 1721 906 1774 ού]
932 1720 1076 1761 Citant
1098 1720 1258 1759 Anecd.
1281 1718 1412 1758 Bekk.
1435 1733 1474 1771 p.
1499 1731 1588 1771 139.
1611 1717 1665 1757 in.

153 1777 206 1816 V.
229 1777 399 1817 Bastius
424 1777 480 1818 ad
510 1778 683 1832 Gregor.
713 1777 900 1818 Corinth.
923 1792 962 1830 p.
985 1788 1053 1829 57.
1087 1776 1343 1816 SCHAEF.
1398 1774 1515 1815 Citat
1540 1773 1669 1814 etiam

154 1833 442 1887 Hermogenes
468 1834 544 1874 vol.
573 1847 612 1887 3.
642 1849 681 1887 p.
706 1835 801 1873 2815.
837 1834 914 1885 (ἔτι
947 1832 1128 1885 σχήματα
1165 1833 1398 1878 καλλωπίζει
1423 1847 1502 1871 πως
1531 1831 1593 1870 καὶ
1622 1832 1669 1870 τὰ

153 1893 402 1941 καινοπρεπῆ·
425 1890 768 1930 οἶον-Θετταλοὶ
790 1891 829 1929 δὲ
852 1889 993 1928 οὐδένα
1020 1889 1174 1928 πώποτε
1196 1888 1330 1927 ὅντινα
1351 1888 1414 1936 οὔ)
1437 1900 1669 1939 anonymus

152 1946 203 1986 de
224 1946 368 2000 figuris
389 1946 467 1986 vol.
492 1947 530 1985 8.
554 1962 594 2000 p.
618 1947 714 1998 645.
736 1950 779 1985 et
805 1945 958 1985 iterum
986 1944 1277 1998 Hermogenes
1297 1943 1322 1982 l.
1345 1957 1379 1982 c.
1404 1957 1442 1995 p.
1469 1954 1576 1995 293,
1598 1941 1668 1981 ubi

152 2002 204 2042 de
235 2017 407 2042 numero
440 2002 643 2042 orationis
678 2001 886 2055 loquitur:
935 2001 991 2041 ἔτι
1026 2002 1066 2039 δὲ
1099 2001 1281 2050 μειζόνως
1311 1999 1354 2038 τὸ
1389 2000 1576 2048 ἐκπρεπὲς
1605 2000 1671 2047 τῆς

152 2059 328 2108 τοιαύτης
358 2060 614 2100 ἀναπαύσεως
639 2061 707 2097 τοῦ
737 2059 882 2108 ῥυθμοῦ
909 2056 1084 2109 φανερὸν
1109 2057 1272 2108 γίνεται,
1299 2057 1332 2094 εἰ
1358 2056 1669 2104 μονοσύλλαβον

153 2117 211 2165 εἴη
237 2115 279 2154 τὸ
301 2119 526 2154 τελευταῖον
553 2114 669 2165 μέρος
695 2117 762 2153 τοῦ
789 2115 923 2165 λόγου.
955 2114 1051 2159 οἷον,
1073 2113 1161 2163 περὶ
1188 2115 1255 2151 τοῦ
1284 2114 1364 2153 πῶς
1392 2111 1546 2150 ἀκούειν
1573 2112 1669 2159 ὑμᾶς

153 2173 247 2220 ἐμοῦ
275 2174 336 2211 δεῖ
361 2171 431 2223 ((10
461 2185 587 2211 coron
614 2170 726 2217 init.)
751 2171 812 2209 καὶ
836 2169 1032 2209 Θετταλοὶ
1060 2170 1102 2208 δὲ
1123 2167 1261 2208 οὐδένα
1285 2168 1432 2206 πόποτε
1456 2167 1589 2206 ὅντινα
1610 2167 1668 2205 οὔ.

153 2227 351 2267 Ceterum
373 2227 666 2267 Thessalorum
693 2226 911 2280 perfidiam
937 2231 1082 2265 orator
1109 2224 1237 2264 etiam
1266 2222 1365 2263 alibi
1390 2221 1667 2276 persequitur.

155 2283 388 2322 WEBER.
451 2283 506 2322 V.
528 2283 581 2323 ad
603 2298 642 2336 p.
671 2295 733 2336 15,
762 2295 824 2335 15.

212 2343 307 2393 657,
332 2340 397 2380 26.
420 2341 536 2390 μικρὰ
556 2336 1105 2391 λαμβάνειν-προῃρημένον
1126 2335 1260 2388 αὐτὸν]
1294 2333 1466 2374 Omittit
1487 2347 1593 2387 quae
1617 2347 1669 2373 ex

153 2395 410 2447 antegressis
426 2395 543 2435 facile
557 2394 873 2434 subaudiantur.
918 2393 1048 2432 Plena
1065 2391 1201 2431 oratio
1219 2407 1226 2430 :
1257 2390 1299 2430 τὸ
1315 2392 1431 2441 μικρὰ
1447 2389 1670 2439 λαμβάνειν

155 2453 240 2491 ἀντὶ
261 2448 328 2490 τοῦ
348 2451 505 2502 μεγάλα
526 2450 747 2500 λαμβάνειν
771 2450 832 2488 καὶ
853 2448 939 2490 τοὺς
962 2449 1148 2489 ἀπίστους
1169 2448 1309 2498 φίλους
1331 2446 1415 2485 ἀντὶ
1431 2449 1506 2484 τῶν
1522 2448 1670 2484 πιστῶν

156 2509 285 2558 φίλων
307 2509 370 2547 καὶ
390 2507 433 2545 τὸ
457 2503 1016 2558 κινδυνεύειν-προῃρημένον
1038 2504 1166 2543 αὐτόν.
1191 2500 1442 2542 SCHAEF.
1495 2500 1670 2553 Opposi-

156 2564 291 2603 tiones
307 2562 507 2602 omittens
523 2562 631 2602 cavit
652 2576 703 2601 ne
719 2560 909 2600 molestia
928 2560 1132 2613 quaedam
1146 2557 1349 2598 orationis
1366 2556 1557 2604 oriretur,
1573 2570 1669 2596 nam

156 2634 284 2673 supra
311 2618 412 2658 dicit
439 2620 553 2669 μικρὰ
581 2618 803 2667 λαμβάνειν
825 2617 886 2655 καὶ
912 2620 1102 2665 πολεμεῖν
1127 2614 1175 2654 ἂν
1207 2614 1348 2660 ἕλοιτο,
1373 2612 1460 2662 ἐξὸν
1479 2614 1527 2651 τὰ
1548 2613 1670 2651 πλείω

159 2678 220 2716 καὶ
244 2676 361 2727 φίλος
382 2675 504 2714 εἶναιε
539 2688 644 2727 quae
666 2687 757 2713 eam
779 2675 945 2711 tantum
966 2669 1167 2711 orationis
1188 2674 1353 2722 partem
1373 2668 1537 2721 plenam
1556 2667 1669 2715 facit,

156 2733 274 2785 cujus
295 2730 412 2771 notio
434 2730 473 2769 in
497 2729 705 2770 sententia
727 2727 957 2781 praeminet
977 2731 1021 2766 et
1042 2725 1241 2779 primaria
1261 2728 1337 2771 est.
1368 2722 1602 2762 WEBER.

215 2790 313 2841 658,
342 2800 374 2825 l.
396 2790 503 2826 δυοῖν
524 2787 689 2837 ἀγαθοῖν
711 2786 840 2823 ὄντοιν
863 2801 894 2822 κ.
917 2799 950 2821 τ.
972 2786 1030 2834 λ.]
1052 2781 1167 2821 (litat
1185 2780 1397 2833 Longinus
1416 2781 1451 2833 ᾧ.
1472 2791 1508 2817 2.
1541 2777 1672 2829 εὈπερ

158 2847 233 2896 γὰρ
263 2846 282 2882 ὁ
313 2842 568 2892 Δημοσθένης
597 2842 658 2881 ἐπὶ
690 2843 755 2880 τοῦ
786 2842 915 2878 κοινοῦ
942 2842 1019 2878 τῶν
1049 2837 1262 2887 ἀνθρώπων
1288 2836 1547 2886 ἀποφαίνεται
1567 2835 1670 2882 βίου,

159 2901 349 2951 μέγιστον
383 2899 456 2947 μὲν
493 2897 592 2937 εἶναι
628 2901 703 2936 τῶν
736 2897 892 2946 ἀγαθῶν
924 2894 966 2932 τὸ
999 2894 1189 2945 εὐτυχεῖν,
1220 2894 1399 2942 δεύτερον
1435 2891 1475 2929 δὲ
1511 2890 1570 2928 καὶ
1606 2890 1673 2929 οὐκ

162 2958 326 2996 ἔλαττον
353 2958 396 2993 τὸ
419 2954 459 2993 εὖ
480 2954 755 3003 βουλεύεσθαι,
780 2952 873 3001 ὅπερ
899 2951 955 2991 οἷς
981 2950 1028 2989 ἂν
1055 2949 1105 2999 μη
1131 2950 1245 2999 παρῇ,
1269 2949 1495 2997 συναναιρεῖ
1521 2945 1672 2986 πάντως

909 3020 928 3042 7,
