1997 3256
312 135 397 175 844
646 134 976 174 ADVERSUS
1010 134 1500 175 ANDROTIONEM.

313 256 354 295 p.
379 252 461 292 704
481 254 570 293 sqq.
632 238 829 292 Inprimis
857 242 1000 279 autem
1027 244 1217 280 oratores
1239 245 1281 281 et
1302 241 1427 281 duces
1454 240 1633 281 militum
1654 239 1830 281 invicem

314 311 403 337 sese
430 294 539 336 tueri
565 299 607 335 et
635 294 843 348 publicam
869 294 1088 348 pecuniam
1116 310 1236 335 suum
1261 296 1304 335 in
1324 311 1445 336 usum
1470 303 1713 337 convertere
1739 311 1831 338 ora·

312 357 382 393 tor
411 350 612 406 queritur.
675 350 854 391 Veteres
883 356 1072 392 orat-ores
1100 351 1279 392 modesti
1310 356 1353 392 et
1380 353 1601 393 verecundi
1628 353 1827 400 fuerunt3

312 408 383 449 isti
404 422 513 448 nunc
542 407 740 455 clamant,
761 406 958 446 conviciis
979 421 1022 447 se
1051 407 1227 448 invicem
1247 408 1468 457 lacessunt,
1492 409 1762 449 dominantur
1789 409 1831 448 in

313 469 462 504 senatu
489 478 664 517 eumque
691 463 912 517 quominus
938 464 1164 503 secundum
1189 464 1300 518 leges
1326 479 1497 504 munere
1521 465 1732 519 fungatur,
1758 465 1831 505 im-

313 520 500 575 pediunt,
523 520 719 573 antiquas
745 519 857 573 leges
885 519 1063 568 solvunt,
1086 525 1238 574 rogant
1267 534 1395 560 novas
1419 520 1520 574 ipsis
1546 525 1726 569 tantum,
1749 536 1831 561 non

313 576 394 617 toti
423 576 583 617 civitati
611 575 748 623 utiles,
781 580 823 615 et
852 575 951 615 dum
981 575 1089 616 cives
1117 576 1159 615 in
1190 576 1353 617 vincula
1384 577 1620 630 conjiciunt,
1650 577 1727 630 ipsi
1759 577 1831 617 im-

313 647 421 687 pune
462 636 636 686 peccant
673 636 747 672 aut
782 631 986 672 levissima
1021 632 1177 673 mulcta
1216 632 1467 673 afficiuntur.
1531 633 1698 684 Quanta
1735 648 1831 673 vcro

314 690 529 729 commoda
553 703 603 728 ex
629 688 996 728 administratione
1022 703 1163 728 rerum
1184 689 1444 742 publicarum
1469 689 1713 743 percipiant,
1736 689 1832 729 inde

312 746 460 793 elucet,
485 745 595 799 quod
620 744 869 798 reipublicae
895 744 1078 784 conditio
1099 745 1140 784 in
1170 745 1256 785 dies
1282 745 1466 785 deterior
1492 751 1533 786 et
1560 745 1749 799 egentior
1769 745 1830 793 fit,

312 802 489 842 istorum
514 806 655 842 autem
680 801 894 840 hominum
922 815 1020 854 opes
1048 806 1269 848 crescunt;
1303 806 1345 842 et
1368 816 1461 841 cum
1489 807 1613 842 antea
1644 802 1832 855 publicae

313 858 437 897 aedes
465 857 823 911 splendidissimae
843 857 997 897 fuerint-
1024 862 1153 911 atque
1181 857 1329 897 civium
1356 857 1486 912 gloria
1513 857 1675 912 dignae,
1698 858 1832 911 priva-

313 919 455 954 torum
486 913 700 953 hominum
733 913 859 953 exiles
891 914 1052 961 domus,
1080 928 1189 953 nunc
1219 928 1323 966 quae
1352 913 1526 967 publicis
1557 914 1833 954 aedificantur

314 969 531 1018 sumtibus,
555 970 666 1009 omni
687 974 928 1023 contemptu
953 970 1078 1024 digna
1099 975 1209 1018 sunt,
1234 970 1289 1009 illi
1311 984 1408 1010 vero
1434 970 1654 1024 dcmagogi
1676 971 1832 1025 magni-

312 1026 415 1066 ficas
442 1030 665 1066 exstruunt
694 1025 833 1066 aedes.
896 1025 1004 1065 Olim
1033 1026 1189 1066 civibus
1217 1041 1314 1066 raro
1335 1026 1514 1067 honores
1542 1027 1653 1080 iique
1680 1027 1832 1067 modici

313 1088 355 1122 et
386 1082 521 1122 rarius
553 1081 681 1122 etiam
710 1082 940 1135 peregrinis
972 1082 1118 1123 civitas
1146 1083 1504 1129 decernebantur;
1539 1097 1647 1123 nunc
1675 1083 1832 1137 apertis

312 1138 566 1193 reipublicae
592 1137 795 1185 hostibus,
818 1138 1007 1191 pessimis
1027 1139 1264 1178 hominibus
1285 1139 1347 1178 161
1376 1139 1497 1193 1113116
1523 1139 1677 1193 ignotis
1700 1140 1832 1193 publi-

313 1209 383 1235 cos
410 1195 589 1234 honores
614 1194 799 1234 vendunt
827 1200 867 1234 et
896 1194 1004 1234 cives
1032 1195 1085 1234 ad
1113 1209 1327 1235 servorum
1353 1195 1471 1248 quasi
1500 1210 1649 1249 corpus
1677 1196 1833 1236 domini

313 1250 639 1291 custodientium
665 1250 947 1291 conditionem
969 1251 1214 1291 detrudunt.
1267 1251 1446 1291 Veteres
1468 1251 1751 1292 Athenienses
1773 1267 1833 1292 se-

312 1307 396 1347 veri
419 1312 547 1361 atque
569 1306 727 1347 strenui
751 1306 792 1346 in
815 1307 1023 1360 puniendo
1045 1307 1227 1355 fuerunt,
1250 1322 1302 1347 ne
1327 1307 1508 1361 optimos
1531 1307 1699 1361 quidem
1725 1308 1833 1348 61163

311 1363 539 1418 impunitos
561 1363 833 1407 dimiserunt;
865 1378 973 1403 nunc
996 1363 1065 1404 isti
1088 1364 1276 1404 homines
1298 1364 1638 1418 perniciosissimi
1659 1365 1833 1418 antiqua

313 1420 565 1474 reipublicae
596 1419 730 1474 gloria
761 1419 968 1469 fruuntur,
999 1420 1108 1460 cives
1137 1420 1328 1460 derident
1357 1425 1398 1460 et
1430 1420 1585 1461 violant
1614 1420 1691 1474 ipsi
1722 1421 1833 1461 inco-

312 1477 456 1516 lumes.
506 1477 601 1516 Hoc
622 1476 746 1515 modo
769 1475 897 1530 igitur
918 1491 1000 1516 non
1023 1476 1155 1517 solum
1175 1477 1330 1517 multas
1351 1477 1455 1517 alias
1476 1477 1588 1531 leges
1608 1477 1831 1526 laeserunt,

311 1533 385 1573 sed
411 1532 539 1573 6113111
571 1546 652 1572 eas.
682 1546 787 1585 quae
817 1534 904 1583 περὶ
932 1536 998 1583 τῆς
1026 1537 1101 1573 τῶν
1126 1535 1298 1584 ῥητόρων
1330 1533 1534 1584 εὐκοσμίας
1565 1533 1690 1574 (latae
1721 1540 1831 1574 sunt.

314 1589 430 1640 Quae
452 1589 589 1628 onmia
611 1588 681 1641 qui
703 1589 938 1629 accuratius
966 1603 1214 1644 cognoscere
1236 1589 1357 1636 volet,
1380 1595 1549 1643 praeter
1574 1589 1680 1630 hanc
1707 1590 1833 1631 orati-

314 1660 434 1685 onem
458 1645 793 1685 Aristocrateam
816 1650 857 1685 et
881 1645 1189 1686 Timocrateam
1212 1645 1415 1686 consulat.

346 1708 368 1724 ²⁴
385 1702 499 1752 Quae
518 1707 663 1741 contra
683 1701 991 1741 Androtionem
1009 1702 1167 1756 profert
1190 1707 1423 1750 accusator,
1443 1716 1585 1742 eorum
1600 1702 1752 1756 duplex
1769 1707 1833 1743 est

313 1773 471 1813 genus:
505 1758 588 1798 alia
616 1757 723 1797 enim
752 1762 899 1798 contra
928 1758 1039 1811 leges
1066 1758 1177 1803 feeit.
1207 1773 1313 1811 quae
1343 1758 1417 1805 ita,
1445 1758 1507 1798 1111
1536 1759 1647 1813 leges
1676 1759 1833 1812 praeci-

313 1815 446 1869 piunt,
470 1814 677 1868 punienda
707 1819 816 1862 sunt,
840 1815 890 1853 de
918 1814 1007 1854 aliis
1035 1815 1146 1869 leges
1173 1814 1339 1868 quidem
1366 1814 1520 1855 diserte
1546 1829 1724 1868 poenam
1749 1830 1832 1855 non

314 1871 589 1919 constituunt,
614 1871 686 1910 sed
708 1870 809 1911 talia
837 1876 947 1919 sunt,
975 1875 1023 1911 ut
1053 1872 1108 1911 311
1139 1885 1232 1911 611111
1265 1871 1626 1911 condemnandum
1656 1871 1833 1911 multum

314 1928 501 1967 conferre
522 1927 697 1981 possint.
755 1927 941 1978 Quorum
962 1927 1103 1981 priora
1129 1927 1460 1968 examinabimus
1481 1932 1705 1981 postquam
1727 1942 1833 1981 quae

314 1984 365 2024 (le
386 1984 571 2024 moribus
594 1983 871 2024 Androtionis
892 1988 1112 2024 aecusator
1133 1983 1249 2032 dicit,
1271 1983 1569 2038 collegerimus.
1623 1984 1833 2024 Describi-

314 2045 385 2080 tur
414 2039 543 2094 igitur
568 2040 809 2080 Androtion
840 2040 892 2080 ab
923 2040 1164 2081 adversario
1195 2045 1241 2080 ut
1273 2045 1364 2081 arte
1397 2040 1558 2080 dicendi
1590 2040 1833 2094 neutiquam

315 2096 474 2147 vulgari
506 2095 689 2149 insignis,
723 2096 795 2135 sed
827 2097 896 2149 qui
928 2110 975 2136 63
1007 2097 1210 2137 abutatur
1240 2097 1294 2137 ad
1326 2097 1589 2150 decipiendos
1619 2097 1834 2137 auditores

314 2152 529 2192 fallacibus
565 2151 767 2192 orationis
806 2152 983 2192 flexibus
1020 2158 1061 2193 et
1099 2153 1371 2199 commentis,
1415 2158 1479 2193 est
1514 2167 1639 2206 porro
1676 2153 1754 2193 diis
1789 2158 1833 2194 et

315 2208 552 2248 hominibus
589 2208 792 2256 inimicus,
827 2208 1013 2249 rixarum
1049 2209 1390 2256 studiosissimus,
1427 2209 1578 2249 nimiae
1613 2209 1833 2263 indulgens

314 2264 505 2305 licentiae
534 2270 575 2305 61
604 2265 899 2318 11111111116111136.
962 2265 1072 2317 Quid
1088 2266 1101 2306 ’Ξ
1131 2266 1242 2319 quod
1270 2279 1420 2319 corpus
1448 2265 1634 2319 vulgavit
1662 2266 1832 2306 6111113-

316 2320 430 2361 simis
462 2336 504 2361 se
537 2321 651 2361 dedit
683 2321 967 2375 voluptatibus
999 2326 1043 2362 et
1072 2337 1098 2362 a
1127 2322 1262 2375 prima
1294 2322 1461 2375 quidem
1487 2322 1674 2375 juventa.
1738 2322 1832 2362 Non

315 2377 451 2417 minus
477 2377 617 2432 turpia
649 2382 757 2426 sunt,
787 2392 893 2432 (11136
922 2378 963 2418 111
994 2378 1337 2419 administrandis
1368 2379 1492 2419 rebus
1518 2378 1693 2432 publicis
1723 2393 1831 2419 com-

315 2434 440 2474 misit.
502 2434 807 2474 Demosthenes
840 2440 1006 2488 tempus
1041 2439 1353 2483 commemorat,
1386 2449 1437 2474 ex
1473 2449 1555 2488 quo
1591 2434 1832 2475 Androtion

315 2490 615 2544 rempublicam
646 2491 926 2545 capessiverit,
959 2491 1136 2545 amplius
1166 2491 1340 2545 triginta
1373 2506 1505 2531 annos
1536 2505 1629 2531 eum
1659 2505 1832 2532 munera

316 2546 480 2600 publica
506 2547 684 2601 gessisse
710 2562 896 2587 monens.
959 2548 1173 2588 Summam
1195 2547 1311 2601 quasi
1341 2548 1429 2601 ejus
1453 2547 1831 2588 administrationis

316 2603 568 2656 reipublicae
588 2603 691 2644 haec
713 2603 1009 2644 Demosthenis
1030 2604 1157 2644 verba
1183 2603 1399 2644 continent
1422 2619 1460 2657 p.
1485 2605 1563 2657 613
1584 2619 1592 2643 ε
1624 2605 1742 2646 Τίνος
1762 2604 1831 2643 οὖν

318 2660 442 2707 ἕνεκα,
481 2659 509 2699 ὦ
548 2661 730 2711 βδελυρὲ,
773 2661 867 2700 ἐτῶν
902 2662 1027 2700 ὄντων
1066 2662 1260 2700 πλειόνων
1294 2658 1317 2710 ἢ
1352 2659 1558 2710 τριάκοντα
1598 2658 1665 2710 ἀφ’
1702 2660 1746 2699 οὗ
1781 2659 1831 2699 σὺ

317 2716 523 2762 πολιτεύει,
560 2718 621 2756 καὶ
657 2717 698 2756 ἐν
733 2718 852 2769 τούτῳ
889 2718 938 2770 τῷ
975 2719 1104 2770 χρόνῳ
1139 2720 1302 2756 πολλῶν
1336 2717 1408 2767 μὲν
1444 2719 1670 2766 στρατηγῶν
1705 2715 1830 2765 ἠδικη-

318 2773 440 2811 κάτων
472 2772 541 2821 τὴν
573 2774 703 2821 πόλιν,
736 2776 897 2812 πολλῶν
928 2774 969 2813 δὲ
1000 2775 1184 2824 ῥητόρων,
1217 2773 1253 2811 οἳ
1288 2772 1391 2823 παρὰ
1423 2772 1594 2811 τουτοισὶ
1625 2771 1828 2822 κέκρινται,

317 2829 370 2866 ὧν
396 2829 431 2866 οἱ
459 2829 531 2877 μὲν
558 2831 742 2869 τεθνᾶσιν
771 2828 833 2880 ἐφ’
857 2829 913 2870 οἷς
940 2829 1106 2879 ἠδίκουν,
1130 2830 1166 2868 οἱ
1193 2827 1223 2868 δ’
1245 2827 1570 2880 ὑποχωρήσαντες
1599 2828 1827 2879 φεύγουσιν,

319 2883 472 2924 οὐδενὸς
501 2885 654 2923 πώποτε
684 2886 826 2925 τούτων
857 2885 1065 2934 ἐξητάσθης
1094 2884 1318 2936 κατήγορος,
1341 2883 1420 2923 οὐδ’
1442 2884 1670 2934 ἀγανακτῶν
1697 2884 1829 2935 ὤφθης

321 2940 411 2987 ὑπὲρ
445 2940 495 2978 ὧν
529 2940 548 2987 ἶ]
580 2941 691 2982 πόλις
724 2941 879 2993 πάσχει,
914 2943 1031 2983 οὕτως
1060 2941 1113 2980 ὣν
1143 2940 1284 2990 θρασὺς
1317 2939 1377 2979 καὶ
1405 2939 1541 2990 λέγειν
1573 2939 1709 2988 δεινὸς,
1737 2940 1829 2979 &MC
