1997 3256
342 159 425 201 722
757 156 1080 197 ADVERSUS
1116 156 1443 197 LEPTINEM.

342 262 489 310 verbis,
525 262 566 304 ὃς
603 261 791 313 ὑπηρέτης
826 261 886 311 ἣν.
948 261 1155 301 Nimirum
1189 262 1242 302 ad
1278 261 1356 301 hoc
1392 260 1540 314 aliquis
1574 261 1691 301 abuti
1725 261 1857 315 possit

343 317 543 371 Polyacni
577 317 680 365 loco,
715 332 838 370 quem
873 322 972 357 autc
1007 317 1185 358 laudavi.
1247 318 1310 357 At
1348 317 1380 356 si
1417 331 1523 357 nova
1558 322 1601 357 et
1636 317 1800 357 diversa
1833 332 1859 357 a

341 373 481 426 priore
506 373 690 412 conditio
711 387 821 412 nunc
848 374 1079 421 accederet,
1103 373 1185 413 ista
1208 372 1399 412 molestia
1418 373 1636 426 praeteriti
1658 373 1860 426 temporis

342 429 488 468 eadem
509 443 584 467 1108
605 433 825 481 premeret.
888 428 927 467 N
931 443 975 468 ec
997 428 1116 468 video
1144 429 1185 467 111
1206 429 1285 468 1130
1311 428 1476 468 ratione
1508 442 1581 467 cur
1608 443 1691 468 11011
1718 429 1860 481 potius

343 489 488 524 orator
518 484 693 524 dixisset
724 484 978 535 γραμματέως
1010 486 1071 524 καὶ
1103 484 1304 535 ὑπηρέτου,
1338 498 1576 538 quanquam
1607 485 1668 524 vel
1700 484 1757 523 sic
1788 485 1861 524 ab·

342 539 506 593 ruptius
540 554 614 579 nec
650 554 733 579 non
770 540 894 580 solita
927 540 1229 593 perspicuitate
1264 554 1337 580 sua
1372 540 1535 579 locutus
1573 544 1692 579 esset.
1757 540 1863 580 Post

342 596 445 636 haee
477 595 627 643 omnia,
655 610 760 648 quae
792 595 889 643 dixi,
920 596 1101 649 primum
1130 596 1268 635 facere
1300 610 1382 635 11011
1413 609 1595 648 possum,
1620 595 1718 648 quin
1748 595 1859 645 illud,

343 652 394 692 ὥς
421 657 535 702 φασι,
564 652 793 691 absurdum
816 651 999 704 judicem
1026 657 1069 691 01
1098 652 1292 692 31101111111.
1355 651 1484 691 Η311(1
1512 651 1636 691 dubie
1660 651 1860 704 Dionysii,

341 707 541 760 principis
562 712 650 747 tam
672 708 869 761 potentis,
893 707 1007 761 prior
1028 707 1212 747 conditio
1233 707 1336 747 satis
1357 712 1448 747 tum
1469 712 1571 747 nota
1592 707 1669 747 fuit
1689 725 1699 754 3
1733 712 1862 760 atque

343 767 392 802 ut
413 763 548 802 minus
570 768 671 803 nota
694 764 832 811 fucrit,
857 778 993 803 rumor
1018 764 1122 817 ‘culpa‘
1143 764 1313 816 etfama
1335 763 1471 802 locum
1496 764 1537 802 ιή
1558 763 1633 802 tali
1655 777 1862 817 sufflamen-

343 819 490 859 z‘atz'one
511 834 593 858 non
615 819 816 859 habebat.
884 819 1024 872 Hujus
1047 834 1142 859 vero
1166 819 1322 872 reperti
1344 819 1509 859 laudem
1531 833 1580 857 ex
1603 824 1723 872 parte
1745 833 1862 872 prac-

342 874 452 928 cepit
474 875 680 923 Reiskius,
705 875 774 928 qui
797 875 973 915 delenda
995 890 1086 915 csse
1107 875 1211 914 vidit
1237 876 1363 915 verba
1386 875 1428 916 ὃς
1449 875 1638 925 ὑπηρέτης
1660 875 1719 924 ἣν.
1768 875 1864 915 Hoc

343 945 472 970 unum
499 931 639 975 miror.
663 931 774 984 quod
797 931 991 970 Reiskius
1020 946 1190 984 parcere
1218 931 1357 984 potuit
1383 931 1519 970 verbis
1545 932 1595 972 ὥς
1623 938 1735 982 φασι.
1797 932 1864 971 Ea

343 987 433 1040 ipsa
462 991 572 1032 sunt,
600 1002 706 1040 quae
733 987 833 1026 mihi
863 1002 965 1040 111-30
994 987 1143 1027 ceteris
1172 987 1433 1040 corruptelae
1463 986 1738 1040 suspicionem
1764 986 1864 1040 inje-

344 1048 505 1082 cerunt.
539 1043 588 1082 F.
619 1044 671 1082 A.
701 1042 895 1083 WOLF.
958 1043 1112 1083 Verbis
1153 1044 1203 1085 ὥς
1243 1049 1344 1094 φασι
1384 1047 1499 1083 rcctc
1538 1043 1739 1096 pepercit.
1801 1043 1865 1082 De

345 1098 565 1138 Alcibiade
593 1113 633 1151 p.
653 1100 750 1151 561,
777 1099 841 1138 28.
872 1100 934 1138 καὶ
965 1099 1101 1150 λέγειν
1133 1101 1256 1138 ἐδόκει
1286 1099 1455 1147 πάντων,
1488 1099 1541 1140 ὥς
1573 1105 1731 1149 φασιν,
1766 1099 1865 1138 εἶυαι

346 1156 578 1196 δεινότατος.
609 1154 680 1193 ubi
704 1169 739 1193 v.
763 1169 868 1207 quae
890 1155 1044 1195 notavi.
1079 1155 1330 1195 SCHAEF.

401 1211 498 1262 506,
525 1222 590 1249 22.
613 1212 632 1249 ὁ
656 1214 726 1250 νῦν
755 1210 808 1250 ὣν
832 1211 1057 1264 Διονύσιος]
1082 1210 1270 1264 Dionysii
1291 1209 1463 1249 minoris
1488 1210 1637 1263 ejectio
1658 1225 1709 1250 ex
1731 1210 1866 1251 insula

343 1266 490 1306 incidit
517 1266 558 1305 in
582 1266 744 1319 Olymp.
769 1268 858 1313 106,
882 1280 915 1305 1.
978 1266 1042 1305 De
1069 1273 1162 1306 tota
1191 1281 1236 1306 re
1262 1272 1383 1319 gesta
1411 1271 1576 1306 constat
1603 1281 1653 1305 ex
1678 1266 1865 1306 Diodoro

349 1323 415 1370 16,
439 1323 491 1369 6.,
516 1322 692 1375 Nepotis
716 1321 863 1369 Dione,
887 1327 929 1362 01
959 1336 1009 1361 cx
1033 1323 1274 1369 Plutarcho,
1299 1336 1421 1375 quem
1450 1322 1636 1375 inprimis
1663 1322 1803 1362 confer
1824 1322 1865 1361 in

347 1377 482 1417 Dione
503 1393 542 1431 p.
567 1379 647 1430 968
673 1378 723 1416 D.
758 1379 807 1417 F.
832 1380 886 1417 A.
912 1378 1103 1418 WOLF.

400 1435 497 1486 506,
524 1437 588 1473 26.
611 1434 652 1472 τὸ
677 1433 830 1483 μέλλου
851 1436 997 1484 ἄδηλον
1020 1452 1050 1474 κ.
1075 1451 1104 1474 τ.
1128 1434 1189 1488 λ.]
1215 1434 1336 1474 Η300
1359 1434 1571 1473 sententia
1592 1433 1679 1473 sinc
1701 1448 1866 1487 compa—

346 1489 508 1529 ratione
543 1489 729 1529 locorum
766 1489 960 1528 similium
993 1490 1099 1530 benc
1136 1489 1396 1542 intelligitur.
1460 1490 1614 1529 Iisdem
1647 1490 1782 1530 verbis
1817 1505 1867 1530 ea

346 1545 552 1598 repetitur
582 1545 623 1584 in
661 1545 779 1584 Orat.
816 1545 867 1584 dc
901 1545 1098 1585 Rhodior.
1132 1546 1288 1586 Libert.
1316 1561 1355 1599 p.
1383 1549 1475 1598 196,
1503 1559 1564 1598 23.
1593 1552 1636 1586 et
1665 1545 1814 1586 Latine
1841 1561 1867 1586 a

349 1600 465 1639 Livio
490 1613 554 1652 27,
579 1614 617 1653 9.
652 1602 699 1640 F.
723 1601 778 1640 A.
804 1601 1000 1640 WOLF.

402 1668 500 1709 507ἢ
535 1659 571 1696 6.
608 1658 646 1696 τί
679 1659 859 1696 τε-τοῦ
895 1657 1030 1710 νόμου]
1066 1657 1209 1697 Citant
1248 1657 1410 1698 Anecd.
1449 1657 1580 1696 Bekk.
1618 1673 1660 1711 p.
1699 1670 1789 1711 150,
1825 1672 1864 1709 4.

348 1712 600 1752 SCHAEF.

403 1772 471 1807 τοῦ
494 1769 632 1820 νόμου]
658 1768 726 1807 τὸν
750 1771 869 1818 νόμου
890 1769 1052 1808 Anecd.
1074 1769 1206 1809 Bekk.
1240 1769 1490 1810 SCHAEF.

402 1836 500 1877 507,
525 1836 562 1874 7.
583 1823 710 1877 τίμὴ]
736 1824 831 1863 Non
852 1826 960 1874 τίμὴ
983 1826 1241 1875 συμβήσεται,
1265 1825 1338 1865 sed
1359 1827 1398 1864 τί
1417 1824 1662 1874 συμβήσεται
1682 1825 1733 1874 μὴ
1756 1842 1868 1864 κατα-

346 1881 654 1931 ψηφισαμένοις,
678 1886 723 1919 111
750 1886 864 1920 recte
883 1880 1078 1920 wolfius.
1141 1880 1207 1920 Sic
1233 1886 1375 1921 aute-m
1402 1880 1607 1934 particula
1634 1885 1735 1919 tono
1756 1881 1868 1920 vocis

345 1936 560 1975 acuenda:
596 1949 717 1988 quem
746 1941 893 1976 tonum
919 1936 1077 1976 librarii
1110 1936 1260 1990 duplici
1294 1942 1466 1976 accentu
1499 1935 1617 1989 gravi
1649 1936 1870 1989 signarunt

347 1991 578 2031 scribentes
607 1990 685 2041 μὴ““.
736 1992 790 2031 V.
823 2005 928 2044 quae
959 1993 1100 2031 monui
1131 1994 1184 2032 ad
1218 1992 1351 2033 Bastii
1384 1991 1665 2032 Connnentat.
1696 1992 1867 2032 Palaeo-

347 2047 494 2100 graph.
518 2061 556 2099 p.
582 2048 678 2095 824.
712 2047 966 2087 SCHAEF.

404 2102 623 2152 φυλάττετε
654 2104 713 2142 καὶ
740 2103 955 2155 μέμυησθε]
980 2102 1252 2143 pleonasmus
1275 2117 1324 2142 ex
1348 2102 1569 2143 oratoriis:
1603 2117 1699 2143 nam
1722 2103 1868 2153 φυλάτ-

348 2174 429 2197 τειν
456 2157 521 2197 1110
547 2157 573 2196 1.
597 2172 635 2210 q.
664 2161 896 2207 μεμυῆσθαι.
959 2158 1074 2198 Infra
1105 2173 1144 2212 p.
1166 2160 1263 2211 508,
1292 2172 1352 2198 11.
1386 2159 1604 2210 φυλάττετε
1633 2159 1694 2198 καὶ
1724 2176 1868 2210 μνημο-

349 2214 494 2253 νεύετε.
529 2212 782 2253 SCHAEF.

404 2280 502 2321 507,
528 2270 564 2307 8.
594 2268 641 2308 ἵν’
670 2269 816 2318 ἕλησθε
844 2271 891 2308 τὰ
921 2268 1096 2322 κρείττω]
1131 2269 1297 2309 Alludit
1327 2270 1381 2309 ad
1412 2270 1539 2309 verba
1569 2269 1671 2324 legis
1704 2270 1869 2310 Solonis

348 2324 506 2364 citatae
534 2339 658 2377 Supra
687 2339 727 2377 p.
752 2325 852 2375 484,
872 2337 935 2374 14.
958 2326 1054 2374 ὑμᾶς
1081 2327 1122 2364 δὲ
1143 2326 1388 2367 ἀκούσαντας
1411 2325 1574 2365 ἑλέσθαι
1603 2326 1671 2365 τὸυ
1695 2327 1866 2377 κρείττω,

348 2380 505 2420 scilicet
529 2382 661 2430 νόμον.
696 2380 1063 2420 MARKLAND.

404 2448 501 2489 507,
532 2449 592 2475 11.
626 2437 675 2478 ὡς
707 2436 827 2490 ἔστω]
864 2435 993 2476 Tecte
1025 2442 1206 2490 negatur
1239 2451 1475 2491 quenquam
1512 2437 1730 2491 indignum
1765 2451 1868 2477 esse.

350 2492 603 2532 SCHAEF.

407 2549 523 2588 Ante
545 2550 595 2602 τῷ
617 2548 687 2597 τὴυ
708 2547 933 2601 typotheta
961 2548 1101 2588 omisit
1122 2550 1228 2599 πρός.

405 2616 505 2656 507,
526 2615 590 2656 23.
614 2607 690 2642 τῶν
711 2604 1037 2657 περιεστηκότων]
1061 2606 1097 2644 οἱ
1117 2605 1413 2655 περιεστηκότες
1434 2609 1532 2643 sunt
1555 2605 1623 2657 qui
1652 2603 1744 2643 aliis
1766 2604 1867 2644 locis

349 2664 552 2699 vocantur
574 2659 610 2698 οἳ
638 2660 872 2699 ἐπακούουσι
894 2662 960 2708 τῆς
988 2662 1162 2711 κρίσεως,
1186 2660 1223 2699 οἳ
1251 2659 1397 2708 ἔξωθεν
1416 2664 1657 2710 περιεστᾶσι,
1679 2664 1727 2699 ut
1755 2661 1867 2713 apud

349 2714 602 2754 Aeschinem
633 2714 675 2753 in
707 2714 968 2768 Ctesiphont.
1002 2730 1040 2768 p.
1070 2716 1152 2765 428
1177 2715 1229 2754 D.
1265 2716 1350 2768 436
1373 2714 1422 2753 E.
1458 2716 1541 2765 462
1564 2715 1634 2763 A„
1666 2716 1764 2755 Lat.
1797 2716 1870 2768 qui

351 2771 608 2810 circumstant
637 2770 832 2810 audiendi
862 2770 1001 2824 gratia
1033 2775 1075 2810 ct
1107 2784 1302 2811 coronam
1333 2770 1502 2817 faciunt,
1533 2771 1603 2823 qui
1634 2770 1676 2809 in
1705 2772 1868 2825 gravio-

350 2826 466 2865 ribus
487 2825 659 2874 caussis,
681 2826 929 2879 praesertim
951 2832 1117 2866 oratore
1139 2827 1251 2867 claro
1279 2830 1353 2866 aut
1375 2825 1560 2879 gratioso
1582 2832 1741 2876 orante,
1765 2827 1868 2867 sole-

351 2882 457 2921 bant
479 2882 599 2922 multi
621 2896 711 2922 esse
737 2886 777 2922 et
802 2882 984 2922 Athenis
1006 2886 1047 2922 et
1071 2882 1239 2922 Romae.
1274 2882 1322 2920 F.
1347 2882 1399 2920 A.
1425 2882 1620 2921 WOLF.
