1997 3256
464 142 525 181 IN
559 143 916 185 ORATIONEM
953 144 1255 186 LEPTINEA
1266 146 1325 187 M.

131 248 319 302 judicare
328 257 356 288 ἲ.

1571 148 1654 191 617

419 247 510 299 Qua
531 248 571 287 in
593 263 638 289 re
659 263 740 289 non
763 264 858 290 raro
880 251 981 291 haee
997 251 1111 291 fraus
1128 256 1294 292 versata
1316 256 1392 301 est,
1416 257 1463 293 ut
1480 253 1549 307 qui
1571 254 1654 294 0111-
1667 260 1721 302 95

136 304 247 358 piam
270 304 578 344 incommodare
600 306 732 353 vellet,
751 320 843 346 eum
866 307 1071 361 suffragiis
1093 308 1177 347 suis
1198 308 1239 347 in
1262 323 1478 348 numerum
1501 309 1654 350 ditissi-

136 375 297 400 morum
318 365 392 400 aut
415 361 668 415 superiorem
691 362 861 403 classem
884 364 1155 404 adscriberet.

136 416 458 456 comminatione
500 418 681 470 quadam
720 419 830 472 apud
873 420 1201 473 Aristophanem
1242 421 1457 474 apparotd.

1214 365 1261 404 ld
1284 365 1393 418 quod
1417 380 1466 404 ex
1490 366 1654 406 Cleonis

1537 423 1653 471 Mox,

137 473 364 513 Oratorum
386 478 625 513 nostrorum
647 475 822 523 saeculo,
846 476 922 515 1100
944 490 1064 515 0111110
1092 490 1196 516 011118
1223 477 1397 531 legimus
1422 477 1519 517 solis
1545 479 1655 519 mille

136 543 184 569 110
225 529 415 569 ducentis
455 529 613 569 civibus
654 530 894 584 impositum
931 532 1005 571 tali
1039 532 1226 572 ordinae.

140 585 298 636 (decem
325 590 467 625 autem
502 586 637 626 tribus
669 597 790 627 erant
823 588 1017 639 Athenis)
1055 592 1253 627 centenos
1286 589 1461 636 vicenos,
1494 590 1563 642 qui
1595 590 1723 637 (11-96

136 640 284 680 tissimi
314 647 464 688 essent,
492 642 543 681 de
572 657 646 682 suo
675 657 847 696 corpore
875 644 1121 697 prodebant.

1288 532 1483 586 Singulae
1518 534 1654 574 tribus

1185 644 1243 683 Hi
1272 658 1414 684 omnes
1442 644 1483 684 111
1512 650 1654 698 partes

135 696 254 737 binas
276 696 485 750 dispertiti
508 698 742 738 efficiebant
759 699 905 752 viginti
927 699 1091 746 01118808,
1108 701 1335 751 συμμορίας,
1351 715 1653 755 sexagenorum

136 753 321 806 capitum
354 754 548 807 singulas,
585 758 628 794 et
661 754 702 793 in
738 754 909 809 singulis
944 755 1137 795 tribubus
1177 756 1309 796 binas.

1384 756 1452 797 Ita
1493 758 1653 799 collecti

135 809 245 848 mille
276 810 443 850 ducenti
474 825 617 849 rursus
647 810 689 849 in
717 810 821 851 duas
853 815 996 865 partes
1027 812 1332 860 dividebantur,
1363 818 1655 854 sexcentorum

135 865 349 905 hominum
370 871 613 919 utramque;
648 880 803 920 eaeque
823 881 967 907 rursus
995 868 1036 907 in
1063 868 1196 916 binas,
1219 873 1267 909 ut
1295 874 1434 909 essent
1460 875 1652 922 quatuor,

135 936 408 975 UnaquvallO
444 927 461 962 t
467 927 727 962 recentorum
734 955 741 962 .

804 923 880 963 Isti
919 938 1016 964 vero
1049 925 1240 971 trecenti,
1276 925 1431 965 divitiis
1471 931 1653 967 ceteram

135 978 304 1018 turbam
341 983 601 1027 anteeuntes,
636 979 845 1033 principes
881 985 1002 1020 erant
1037 980 1079 1020 in
1111 981 1374 1030 conferendo,
1406 987 1449 1022 et
1479 988 1655 1037 urgente

134 1034 241 1074 bello
281 1034 498 1088 pecuniam
538 1037 924 1088 repraesentabant,
968 1051 1093 1090 quam
1133 1037 1282 1078 deinde
1330 1038 1467 1078 minus
1514 1039 1654 1094 iniquo

134 1095 322 1144 tempore
355 1106 380 1131 a
412 1091 672 1132 tenuioribus
711 1092 974 1147 redigerent:
1010 1108 1139 1147 quare
1179 1108 1248 1134 008
1289 1094 1402 1134 dicto
1437 1096 1654 1136 audientes

133 1146 348 1188 habebant
370 1147 411 1187 in
434 1149 559 1188 rebus
581 1148 773 1189 omnibus
783 1149 805 1188 f.

870 1149 935 1189 Ex
963 1165 1045 1204 quo
1066 1152 1225 1191 factum
1245 1155 1350 1200 erat,
1373 1156 1421 1192 ut
1442 1166 1584 1192 omnes
1612 1152 1653 1192 in
1667 1159 1722 1201 97

134 1203 238 1244 (111118
258 1208 401 1257 partes
424 1204 542 1244 divisi
571 1209 734 1246 essent:
769 1205 973 1259 siquidem
996 1206 1065 1260 qui
1094 1208 1147 1248 ab
1169 1212 1348 1261 utraque
1370 1213 1490 1248 erant
1518 1214 1651 1262 parte,

176 1348 191 1365 C
207 1343 281 1373 vid.
300 1343 390 1374 Orat.
408 1345 479 1374 adv.
499 1345 671 1385 Pliaenipp.
692 1346 805 1385 passim
828 1353 859 1376 et

133 1387 204 1415 adv.
237 1387 343 1416 Boeot.
372 1397 397 1416 1.
423 1398 451 1427 p.
481 1397 554 1428 907,
583 1396 619 1425 1.,
648 1389 701 1417 ubi
735 1389 854 1418 Manti-

132 1428 226 1458 theus
251 1436 337 1458 actor
364 1430 407 1458 ita
434 1430 499 1460 ait:
529 1429 604 1459 Τίνα
627 1431 655 1460 οἷ
683 1430 858 1470 στρατηγοὶ

132 1470 250 1510 τρόπον
277 1470 502 1511 ἐγγράψουσιν,
532 1472 586 1502 ἐὰν
613 1471 654 1503 εἷς
687 1473 860 1513 συμμορίαν

133 1512 358 1553 ἐγγράφωσιν;
382 1515 401 1551 ἢ
424 1514 477 1545 ἐὰν
495 1514 686 1555 τριήραρχον
706 1518 858 1546 καθιστῶ-

134 1567 203 1593 σιν,
244 1557 275 1593 ἢ,
303 1557 341 1587 ἂν
368 1557 518 1598 στρατεία
548 1559 596 1589 τὶς
627 1556 657 1598 ᾗ,
685 1561 729 1597 τῷ
761 1560 859 1595 δῆλον

133 1598 235 1635 ἔσται,
272 1598 405 1639 πότερος
439 1600 503 1630 ἔσθ’
532 1602 548 1630 ὁ
586 1600 830 1640 κατειλεγμένος
848 1614 856 1637 ;

133 1642 302 1673 Formiilae
332 1643 441 1682 hujus,
475 1642 517 1674 εἷς
548 1643 720 1684 συμμορίαν
745 1643 859 1684 ἐγγρά-

132 1690 215 1723 φειν,
243 1686 371 1724 gemina
403 1686 455 1716 illa
482 1693 528 1716 est
555 1688 639 1726 apud
665 1687 856 1726 Aristopha-

132 1738 216 1765 nem,
238 1727 279 1758 εἰς
303 1728 377 1759 τοὺς
399 1728 570 1759 πλουσίους
590 1728 772 1768 ἐγγράφειν,
791 1740 859 1760 ver-

132 1770 218 1800 sibus
246 1781 319 1800 111οΧ
348 1772 508 1810 ponendis.
555 1772 698 1802 Omnino
723 1779 859 1811 potestas

133 1813 351 1852 Strategorum
380 1822 454 1844 nota
480 1822 537 1851 est,
562 1816 657 1845 etiam
683 1815 750 1851 hoc„
776 1817 857 1854 quod

132 1855 192 1886 illis
208 1856 289 1886 idem
303 1857 357 1895 jus
374 1857 445 1895 fuit,
459 1868 494 1887 110
513 1858 716 1896 Prytanibus,
730 1858 763 1887 in
780 1859 858 1889 urbe

131 1898 294 1929 conciones
310 1906 340 1929 et
356 1900 497 1930 ecclesias
514 1900 661 1930 habendi.

174 1939 192 1963 ss
212 1942 318 1980 Equit.
336 1953 364 1971 v.
384 1952 457 1980 023.

241 1983 362 2015 Δώσεις
379 1985 444 2022 ἐμοὶ
461 1984 563 2020 καλὴν
579 1984 668 2021 δίκην

239 2025 402 2064 ἰπούμενος
417 2028 485 2058 ταῖς
503 2027 673 2067 εἰσφοραῖς·

241 2070 302 2108 ἐγὼ
318 2069 378 2109 γὰρ
396 2069 437 2100 εἰς
453 2069 527 2100 τοὺς
543 2069 714 2101 πλουσίους

240 2111 368 2142 σπεύσω
385 2113 414 2142 a>
432 2113 512 2143 ὅπως
529 2113 566 2143 ἂν
583 2114 754 2154 ἐγγραφῇς.

174 2160 189 2177 θ
207 2155 300 2184 Unus
322 2156 410 2185 nobis
433 2156 481 2185 hic
501 2158 681 2195 sequendus
701 2164 748 2186 est
767 2157 856 2195 Ulpi-

130 2208 211 2227 anus
227 2198 260 2227 in
277 2198 325 2227 his
342 2199 444 2228 verbis
461 2198 612 2237 (primam
631 2200 715 2229 enim
733 2205 855 2238 partem

131 2240 245 2270 Scholii
260 2241 380 2278 omitto,
395 2241 516 2271 alienae
530 2252 643 2271 manns
656 2242 813 2278 laciniam,
825 2248 856 2272 et

130 2283 238 2312 minus
253 2284 428 2323 antiquam,
442 2291 478 2314 ut
494 2285 620 2323 opinor)
633 2286 671 2314 ad
690 2285 855 2315 Demosth.

131 2325 188 2355 Or.
203 2326 505 2365 Olynth.11.p.26,
518 2336 568 2364 25.
583 2325 668 2357 Δέκα
684 2328 787 2357 οὐσῶν
799 2333 856 2365 ‹pv-

130 2370 195 2398 λῶν
211 2369 261 2398 καὶ
277 2367 414 2405 ἑκάστης
430 2367 692 2409 προβαλλομένης
709 2370 768 2400 ἀπὸ
787 2371 857 2400 ἑκα-

129 2411 186 2440 τὸν
203 2413 314 2448 εἴκοσι,
332 2410 451 2448 συνέβη
468 2412 541 2443 τοὺς
557 2411 676 2443 πάντας
694 2412 769 2443 εἶναι
790 2419 855 2442 λει-

129 2454 282 2493 τουργοὺς
316 2454 440 2492 χιλίους
467 2454 652 2486 διακοσίους.
698 2453 857 2495 Ἐμέριζον

130 2495 184 2526 οὖν
196 2497 309 2527 αὐτοὺς
325 2497 384 2527 ἀπὸ
402 2497 570 2535 ἑξακοσίων
583 2498 709 2537 ἀνδρῶν,
724 2498 740 2528 ὅ
757 2499 855 2535 ἐστιν,

130 2538 191 2569 ἀπὸ
216 2538 290 2570 δέκα
316 2542 503 2580 συμμοριῶν·
530 2539 626 2570 πάλιν
651 2540 683 2570 δὲ
706 2539 856 2580 ἑκατέραν

130 2584 194 2612 τῶν
215 2583 267 2612 δύο
286 2582 416 2622 μερίδων
436 2581 558 2613 τούτων
580 2582 709 2620 ἔτεμνον
731 2583 773 2614 εἷς
792 2582 856 2621 δύο,

131 2624 147 2654 ὅ
165 2626 265 2661 ἐστιν,
285 2625 327 2656 εἷς
347 2625 544 2665 τριακοσίους
562 2624 619 2663 μὲν
636 2626 757 2664 ἄνδρας,
776 2626 857 2656 κατὰ

130 2665 225 2697 πέντε
250 2667 283 2697 δὲ
309 2667 488 2707 συμμορίας.
537 2668 633 2698 Οὗτοι
664 2667 697 2698 δὲ
722 2667 804 2703 ἦσαν
828 2669 857 2698 οἷ

130 2709 302 2749 τριακόσιοι
327 2712 355 2740 οἱ
381 2710 461 2741 πάνυ
488 2710 646 2747 πλούσιοι,
673 2711 701 2740 οἱ
727 2713 854 2750 πρῶτοι·

131 2753 243 2784 οἵτινες
273 2752 498 2793 προεισέφερον
522 2755 585 2783 τῶν
610 2754 718 2783 ἄλλων
745 2766 779 2783 τε
805 2754 855 2784 καὶ

131 2794 221 2833 εἶχον
260 2795 372 2826 αὐτοὺς
411 2795 621 2827 ὑπακούοντας
660 2796 702 2827 εἷς
740 2795 853 2832 πάντα,

131 2838 214 2868 ὥστε
246 2838 429 2876 συμβαίνειν
460 2839 502 2870 εἷς
540 2838 592 2869 δύο
623 2838 746 2878 μερίδας
781 2838 856 2869 εἶναι

131 2880 204 2911 τοὺς
220 2879 350 2912 πάντας·
375 2883 440 2920 εἴγε
457 2882 485 2911 οἱ
500 2883 564 2912 τῶν
575 2881 765 2921 ἑκατέρωθεν
775 2880 857 2917 ἦσαν

132 2923 236 2963 ὥσπερ
267 2923 416 2962 ἡνωμένοι
449 2925 514 2955 τοῖς
551 2922 742 2964 ἑκατέρωθεν
772 2936 856 2963 τρια-

927 1345 1055 1384 κοσίοις,
1087 1347 1153 1377 τοῖς
1189 1344 1444 1386 πλουσιωτέροις.
1507 1347 1584 1386 Εἶχε
1621 1347 1653 1378 δὲ

927 1387 1048 1425 ἑκάστη
1072 1389 1157 1428 μερὶς
1184 1391 1248 1419 τῶν
1270 1388 1435 1429 τεσσάρων
1455 1392 1532 1420 ἴδιον
1558 1402 1652 1430 στρα-

925 1431 1026 1470 τηγὸν
1053 1432 1102 1461 καὶ
1129 1433 1208 1462 ἴδιον
1231 1431 1357 1471 ῥήτορα·
1394 1433 1474 1470 ὅμως
1501 1431 1533 1462 δὲ
1558 1433 1654 1463 πάλιν

925 1476 989 1504 τῶν
1005 1473 1157 1513 δευτέρων
1176 1475 1225 1504 καὶ
1243 1475 1271 1504 οἱ
1288 1475 1417 1514 ῥήτορες
1436 1476 1486 1505 καὶ
1508 1477 1536 1505 οἱ
1557 1488 1653 1516 στρα-

925 1517 1018 1555 τηγοὶ
1036 1518 1162 1547 ὑπεῖκον
1177 1518 1242 1548 τοῖς
1258 1516 1430 1557 προτέροις.
1475 1520 1571 1556 Quod
1588 1520 1619 1548 h.
1632 1520 1652 1549 l.

925 1566 971 1590 est
987 1561 1154 1598 προτελεῖν
1167 1561 1214 1590 vel
1230 1559 1447 1600 προεισφέρειν
1457 1563 1521 1591 τῶν
1533 1561 1652 1598 ἄλλων,

926 1603 955 1632 id
987 1602 1083 1633 hahes
1109 1603 1203 1633 etiam
1233 1604 1265 1632 in
1299 1604 1444 1633 Midiana
1472 1614 1501 1642 p.
1529 1604 1601 1642 564>
1622 1606 1650 1635 8.

925 1646 995 1674 adv.
1017 1645 1191 1685 Phaenipp.
1216 1657 1244 1685 p.
1264 1647 1352 1684 ¹046,
1372 1656 1421 1683 ²4·
1439 1648 1510 1676 adv,
1535 1647 1652 1687 Polycl.

926 1691 1121 1727 p.1208‚2²5.
1156 1690 1198 1718 ht
1214 1688 1512 1729 11111οπροεισφοραί.
1553 1690 1653 1720 Plane

925 1738 1031 1760 autern
1049 1731 1150 1761 sentio
1165 1742 1237 1761 eum
1256 1732 1381 1762 valesio
1400 1733 1437 1761 1111
1464 1733 1650 1771 Harpocran

925 1783 955 1811 p.
979 1781 1040 1811 73„
1063 1774 1174 1803 ultima
1197 1775 1254 1804 ista
1279 1776 1317 1804 (10
1342 1775 1494 1813 Stratonis
1518 1781 1548 1805 et
1571 1775 1652 1805 Ora-

926 1817 1046 1846 toribus
1057 1824 1266 1856 nti-ovumque
1279 1817 1355 1846 falsa
1369 1828 1434 1847 esse
1446 1825 1476 1847 et
1489 1819 1651 1857 exsculpta

925 1870 964 1889 ex
985 1860 1088 1888 verbis
1111 1861 1248 1889 auctoris
1271 1859 1353 1889 111010
1379 1860 1553 1890 intellectis.
1601 1862 1651 1891 De

925 1908 991 1931 toto
1015 1901 1137 1931 Scliolio
1162 1902 1292 1941 intelligi
1317 1912 1380 1931 non
1404 1903 1473 1932 vult
1494 1903 1648 1934 Valesius.

931 1944 996 1982 [De
1031 1945 1209 1984 symmoriis
1241 1956 1269 1974 v.
1302 1945 1467 1975 Pan-cintii
1502 1946 1649 1985 Prolego-

925 1997 1018 2017 mena
1039 1988 1076 2016 ad
1095 1988 1269 2017 orationem
1286 1987 1354 2027 περὶ
1372 1990 1560 2028 συμμοριῶν.
1609 1990 1649 2019 G.

924 2029 1162 2068 DlNDORFJ

965 2070 978 2094 f
1015 2072 1140 2101 Horum
1186 2079 1398 2102 trecentorum
1448 2072 1479 2102 in
1527 2074 1649 2112 republ.

924 2114 1155 2145 Demosthenes
1178 2115 1312 2154 Olynth.
1335 2116 1378 2144 11.
1402 2126 1430 2153 p.
1452 2116 1504 2151 26,
1528 2125 1576 2155 25.
1595 2117 1649 2146 ubi

923 2157 1069 2187 Scholion
1101 2158 1178 2187 illud
1210 2158 1335 2197 legitur‚
1368 2158 1450 2188 clare
1480 2160 1648 2190 meminit:

924 2199 1082 2240 Πρότερον
1110 2199 1168 2238 μὲν
1196 2200 1268 2240 γὰρ,
1298 2200 1320 2230 ὦ
1348 2200 1455 2240 ἄνδρες
1482 2202 1648 2239 Ἀθηναῖοι,

924 2242 1104 2283 εἰσεφέρετε
1125 2243 1205 2273 κατὰ
1222 2243 1402 2283 συμμορίας·
1428 2243 1492 2273 νυνὶ
1509 2243 1542 2274 δὲ
1558 2251 1650 2275 πολι-

923 2285 1052 2316 τεύεσθε
1070 2286 1150 2316 κατὰ
1164 2285 1343 2326 συμμορίας.
1391 2286 1508 2326 Ῥήτωρ
1524 2286 1651 2326 ἡγεμὼν

924 2327 1091 2368 ἑκατέρων,
1110 2329 1159 2359 καὶ
1181 2330 1361 2368 στρατηγὸς
1383 2329 1440 2359 ὑπὸ
1461 2328 1575 2368 τούτῳ,
1600 2331 1650 2361 καὶ

923 2372 952 2401 οἱ
967 2371 1196 2409 βοηθησόμενοι
1214 2373 1241 2402 οἱ
1256 2371 1441 2410 τριακόσιοι·
1465 2373 1493 2402 οἱ
1509 2371 1542 2402 δὲ
1555 2373 1649 2403 ἄλλοι

923 2412 1190 2452 προσνενέμησθε,
1214 2413 1318 2452 οἱμὲν
1340 2416 1378 2445 ὡς
1399 2414 1543 2452 τούτους,
1567 2417 1595 2445 οἱ
1616 2415 1649 2446 δὲ

923 2457 963 2487 ὡς
980 2456 1125 2488 ἐκείνους.
1173 2458 1266 2495 Quae
1289 2459 1327 2487 ad
1348 2459 1479 2488 verbnm
1501 2466 1650 2497 repetun-

924 2506 978 2529 tur
1004 2501 1043 2530 ab
1068 2506 1196 2530 auctore
1219 2500 1311 2531 Orat.
1334 2500 1403 2540 περὶ
1428 2499 1603 2538 συντάξεως
1619 2512 1649 2540 p.

929 2550 998 2581 172,
1021 2552 1044 2572 ¹.
1092 2543 1243 2573 Meminit
1259 2545 1430 2573 eorundem
1453 2544 1548 2573 etiam
1566 2544 1651 2574 Isae-

924 2595 971 2621 us,
989 2585 1042 2624 qni
1060 2591 1162 2615 aetate
1177 2585 1282 2624 paullo
1303 2586 1460 2616 antecedit
1481 2586 1648 2619 Nostrum.

923 2633 1018 2666 atque
1039 2627 1090 2657 ille
1110 2628 1241 2666 primus,
1264 2628 1296 2656 ni
1320 2628 1421 2666 fallor,
1438 2628 1470 2656 in
1493 2628 1587 2658 Orat.
1611 2630 1651 2659 de

926 2669 1110 2699 Pliiloctem.
1127 2670 1233 2700 hei-ed.
1251 2680 1279 2709 p.
1303 2680 1371 2708 154.
1421 2671 1480 2700 Ubi
1501 2672 1582 2709 quod
1603 2679 1649 2702 est

925 2712 958 2741 ἐν
982 2713 1047 2742 τοῖς
1071 2711 1259 2751 τριακοσίοις
1285 2712 1453 2752 εἰσφέρειν,
1479 2714 1518 2742 ab
1541 2715 1649 2744 eodem

924 2754 997 2784 alibi
1030 2755 1146 2785 dicitur
1184 2755 1217 2784 ἐν
1254 2755 1395 2794 πρώτοις,
1426 2757 1465 2786 (le
1502 2756 1649 2795 Apollod.

924 2797 1029 2827 hered.
1051 2808 1080 2836 p.
1098 2799 1167 2836 187.
1195 2798 1316 2837 Lysias,
1337 2799 1481 2837 quamvis
1502 2809 1592 2838 saepe
1611 2800 1651 2829 de

925 2840 1011 2869 omni
1039 2850 1153 2879 genere
1183 2851 1354 2871 munerum
1386 2840 1544 2880 loquatur,
1572 2852 1649 2872 nus-

926 2893 1020 2922 quam
1032 2893 1089 2913 nec
1104 2888 1316 2913 trecentorum
1332 2894 1388 2913 nec
1404 2884 1650 2924 symmoriarum

926 2926 1119 2956 mentionem
1135 2925 1254 2956 intulit.
