1997 3256
518 157 840 197 ADVERSUS
876 157 1201 197 LEl'TINEM.
1541 156 1623 195 723

168 268 265 309 507,
291 268 355 309 25.
384 257 498 309 ἡμᾶς]
527 256 641 297 Male
669 256 738 297 alii
766 257 857 297 libri
885 259 991 306 ὑμᾶς.
1053 259 1360 297 Accusatorum
1389 259 1431 294 et>
1459 267 1624 293 reorum

112 310 154 350 in
182 311 271 352 foro
299 326 462 365 semper
489 316 554 352 est
583 313 690 363 ἀγὼν
717 312 811 362 πρὸς
842 313 1051 362 ἀλλήλους,
1080 327 1162 352 non
1194 311 1290 362 πρὸς
1315 310 1403 351 τοὺς
1429 310 1621 355 δικαστὰς,

112 366 280 407 minime
301 367 343 406 in
363 367 403 406 h.
426 367 450 406 l.
485 369 533 406 F.
558 367 612 407 A.
634 368 829 407 WOLF.

169 426 246 462 τῶν
267 423 510 474 καθημένων]
536 425 572 462 οἱ
594 423 801 473 καθήμενοι
823 430 920 463 sunt
935 423 1105 475 judices.
1127 422 1196 475 qui
1219 420 1443 461 solenniter
1465 419 1623 459 Graeco

113 477 309 517 dicuntur
337 480 538 527 καθῆσθαι,
570 479 724 518 Latino
750 479 891 518 sedere.
926 480 974 517 F.
998 479 1049 517 A.
1077 478 1270 517 WOLF.
1332 476 1430 515 Hoc
1458 474 1625 527 quidem

112 533 202 572 loco
231 533 531 587 significantius
560 534 617 573 sic
642 534 837 574 dicuntur
865 534 917 573 ob
938 533 1188 573 antecedens
1209 536 1285 571 τῶν
1305 531 1622 580 περιεστηκότων.

114 588 196 628 Sed
218 589 384 628 omnino
407 589 585 628 solennis
606 590 707 629 haec
728 589 952 643 appellatio
974 594 1037 628 est
1055 588 1256 640 judicum.
1300 586 1354 625 V.
1377 600 1416 637 p.
1437 596 1534 636 520,
1558 596 1623 635 25.

113 644 204 683 coll.
228 659 264 684 v.
290 657 354 685 22.
417 644 555 684 Aliter
586 660 624 698 p.
652 646 718 691 66,
747 657 821 693 12„
844 644 915 683 ubi
946 645 1053 693 ὑμεῖς
1084 645 1119 682 οἱ
1151 642 1358 692 καθήμενοι
1389 640 1440 678 dc
1470 639 1624 692 populo

115 699 392 754 Philippicam
414 700 609 740 audiente
631 700 797 740 dicitur.
829 698 1082 739 SOHAEF.

169 766 268 808 507,
293 758 358 795 26.
381 757 656 807 φιλανθρωπία
675 756 771 806 πρὸς
792 756 944 806 φθόνον
966 771 998 793 κ.
1020 770 1052 792 τ.
1075 752 1134 805 λ.]
1161 751 1229 792 Sic
1253 751 1397 792 Cicero
1422 762 1457 789 2.
1482 749 1624 790 Catili-

114 811 257 851 naria:
300 811 484 863 Denique
514 811 704 863 aequitas,
740 810 1011 863 temperantia,
1037 808 1253 861 fortitudo,
1276 806 1513 860 prudentia,
1546 806 1627 845 vir-

113 872 208 906 tutes
228 880 353 906 omnes
377 872 526 906 certant
551 880 637 906 eiam
666 866 890 918 iniquitate,
912 879 1000 904 eiam
1025 864 1203 911 ἰιιωιινῖα,
1227 877 1313 903 eum
1338 862 1516 916 iynccvia,
1539 875 1628 901 cum

112 923 339 970 temeritate,
360 936 444 962 cum
468 922 577 961 vitiis
601 920 789 961 ommibus.
850 921 1054 960 Postremo
1074 920 1207 972 copiae
1228 933 1314 958 cum
1334 923 1507 972 eyestette,
1530 915 1628 957 bona

114 977 219 1017 ratio
246 991 334 1017 eum
352 977 533 1030 perdita,
556 990 659 1016 mens
685 990 774 1017 eum
802 977 988 1023 amentia,
1012 974 1109 1014 bona
1137 975 1302 1027 deniq-ue
1328 988 1410 1027 spes
1437 987 1523 1013 cum
1551 987 1627 1012 om-

113 1033 226 1074 nium
245 1046 380 1073 reram
401 1032 666 1086 desperatione
687 1032 872 1085 emisti-eit.
905 1031 962 1070 H.
985 1030 1042 1070 W
1049 1031 1181 1070 OLF.

169 1088 266 1142 508,
292 1102 330 1129 2.
361 1089 432 1128 κᾶν
458 1087 825 1140 τις-κινδυνεύειν]
853 1086 998 1128 Citant
1027 1086 1186 1126 Anecd.
1209 1085 1342 1125 Bekk.
1364 1099 1403 1138 p.
1431 1098 1521 1133 1207
1546 1096 1626 1131 22..

114 1144 185 1184 ubi
207 1161 263 1186 τις
283 1158 363 1184 om.
398 1143 648 1184 SGHAEF.

170 1200 267 1252 508,
300 1212 362 1252 13.
394 1199 438 1238 τὸ
471 1199 825 1253 νόμισμα-ζημία]
869 1198 1089 1239 Sententia.
1120 1198 1221 1238 haec
1253 1196 1440 1250 inprimis
1469 1210 1628 1236 accom-

114 1255 286 1295 modata
316 1259 380 1294 est
410 1255 464 1295 ad
494 1269 754 1295 communem
789 1254 1119 1308 intelligentiam,
1152 1253 1249 1292 olim
1278 1251 1471 1293 adhibita
1502 1251 1628 1304 expli-

115 1310 248 1350 catius
298 1325 323 1350 a
374 1310 535 1350 Solone.
617 1310 922 1350 Demosthenes
971 1310 1015 1350 in
1062 1308 1292 1348 Timocrat.
1345 1322 1386 1361 p.
1430 1309 1524 1359 765,
1564 1319 1628 1360 23.

113 1367 310 1416 βούλομαι
344 1367 434 1416 ὑμῖν
476 1367 629 1406 κάκεῖνο
671 1366 944 1417 διηγήσασθαι,
986 1367 1007 1404 ὅ
1048 1367 1152 1416 φασί
1189 1364 1271 1404 ποτ’
1306 1365 1429 1403 εἰπεῖν
1465 1363 1631 1402 Σόλωνα

117 1425 403 1473 κατηγοροῦντα
438 1423 559 1472 νόμον
594 1421 697 1463 τινὸς
728 1422 794 1460 οὐκ
825 1421 1040 1470 ἐπιτήδειον
1071 1420 1216 1461 θέντος.
1248 1419 1410 1470 λέγεται
1441 1420 1515 1470 γὰρ
1551 1422 1632 1460 τοῖς

116 1479 315 1519 δικασταῖς
366 1476 484 1516 αὐτὸν
533 1479 668 1525 εἰπεῖν,
717 1477 848 1526 ἐπειδὴ
897 1478 1028 1516 τᾶλλα
1077 1476 1357 1526 κατηγόρησεν,
1404 1475 1463 1513 ὅτι
1517 1474 1632 1523 νόμος

116 1533 225 1572 ἐστὶν
255 1532 437 1580 ἁπάσαις,
471 1533 520 1574 ὡς
552 1533 644 1574 ἔπος
686 1533 821 1579 εἰπεῖν,
855 1536 936 1574 ταῖς
974 1533 1155 1579 πόλεσιν,
1190 1529 1258 1570 ε’άν
1293 1546 1348 1571 τις
1387 1529 1429 1568 τὸ
1461 1530 1633 1578 νόμισμα

117 1589 335 1642 διαφθείρῃ,
378 1588 547 1627 θάνατον
587 1588 657 1637 τὴν
699 1588 834 1637 ζημίαν
875 1588 985 1627 εἶναι·
1029 1585 1276 1637 ἐπερωτήσας
1323 1586 1378 1633 δὲ,
1417 1587 1450 1625 εἰ
1490 1585 1634 1625 δίκαιος

117 1643 248 1685 αὐτοῖς
275 1644 337 1683 καὶ
366 1647 492 1685 καλῶς
521 1644 624 1695 ἔχων
650 1645 670 1682 ὁ
699 1645 815 1693 νόμος
843 1644 1037 1694 φαίνεται,
1063 1642 1194 1691 ἐπειδὴ
1222 1644 1346 1693 φῆσαι
1371 1640 1519 1681 πάντας
1546 1640 1634 1681 τοὺς

117 1701 311 1747 δικαστὰς,
347 1700 470 1739 εἰπεῖν
501 1699 560 1738 ὅτι
591 1699 704 1740 αὐτὸς
730 1699 882 1749 ἡγεῖται
913 1699 1097 1749 ἀργύριον
1126 1699 1200 1747 μὲν
1229 1698 1399 1746 νόμισμα
1430 1695 1529 1735 εἶναι
1559 1699 1635 1734 τῶν

119 1755 225 1794 ἰδίων
254 1754 596 1805 συναλλαγμάτων
626 1755 740 1794 ἕνεκα
767 1758 848 1796 τοῖς
876 1755 1042 1795 ἰδιώταις
1071 1752 1294 1803 εὑρημένον,
1317 1752 1403 1792 τοὺς
1428 1753 1470 1790 δὲ
1497 1751 1635 1800 νόμους

117 1810 269 1861 ἡγεῖται
293 1812 360 1859 τῆς
385 1811 538 1851 πόλεως
564 1811 735 1859 νόμισμα
761 1809 873 1849 εἶναι.
905 1813 966 1849 δεῖ
990 1809 1034 1858 δὴ
1055 1809 1143 1850 τοὺς
1171 1809 1355 1849 δικαστὰς
1379 1807 1516 1860 πολλῷ
1538 1809 1635 1856 μᾶλ-

118 1869 206 1911 λον,
236 1867 272 1905 εἵ
295 1882 363 1913 τις,
390 1865 411 1904 ὃ
437 1868 502 1915 τῆς
529 1866 682 1906 πόλεώς
713 1867 798 1904 ἐστι
827 1866 1008 1914 νόμισμα,
1038 1867 1149 1903 τοῦτο
1181 1864 1397 1914 διαφθείρει
1425 1862 1487 1901 καὶ
1515 1861 1635 1912 παρά-

119 1936 245 1970 σημον
273 1920 462 1971 εἰσφέρει,
491 1924 623 1970 μισεῖν
653 1920 714 1960 καὶ
744 1920 933 1967 κολάζειν,
964 1919 986 1969 ἣ
1018 1921 1054 1959 εἴ
1078 1936 1134 1961 τις
1163 1919 1304 1966 ἐκεῖνο,
1326 1918 1346 1957 ὃ
1374 1921 1449 1956 τῶν
1479 1918 1636 1956 ἰδιωτῶν

119 1977 218 2016 ἐστί.
257 1979 487 2026 προσθεῖναι
517 1977 559 2015 δὲ
591 1975 794 2026 τεκμήριον
825 1978 891 2015 τοῦ
928 1976 990 2014 καὶ
1018 1975 1151 2024 μεῖζον
1183 1974 1282 2013 εἶναι
1320 1974 1362 2012 τὸ
1394 1973 1558 2022 ἀδίκημα
1592 1971 1636 2011 τὸ

118 2031 205 2073 τοὺς
232 2032 371 2081 νόμους
399 2032 638 2082 διαφθείρειν
662 2030 684 2080 ἢ
713 2031 755 2070 τὸ
785 2032 978 2082 ἀργύριον
1015 2031 1073 2070 ὅτι
1101 2030 1266 2082 ἀργυρίῳ
1291 2030 1364 2078 μὲν
1391 2029 1540 2068 πολλαὶ
1562 2031 1638 2067 τῶν

119 2088 277 2126 πόλεων
306 2087 367 2126 καὶ
392 2091 568 2138 φανερῶς
588 2087 683 2137 πρὸς
709 2086 860 2138 χαλκὸν
883 2086 944 2125 καὶ
970 2087 1174 2136 μόλυβδον
1195 2084 1415 2137 κεκραμένῳ
1440 2084 1638 2135 χρώμεναι

120 2142 321 2189 σώζονται,
359 2143 421 2181 καὶ
456 2142 655 2182 οὐδοτιοῦν
689 2144 794 2192 παρὰ
829 2145 940 2180 τοῦτο
979 2140 1216 2192 πάσχουσιν,
1255 2141 1393 2189 ὁμοίως
1428 2141 1470 2178 δὲ
1507 2139 1637 2188 νόμοις

119 2201 301 2248 πονηροῖς
328 2198 521 2250 χρώμενοι
550 2198 612 2237 καὶ
639 2198 936 2248 διαφθείρεσθαι
966 2197 1054 2238 τοὺς
1082 2197 1196 2237 ὄντας
1219 2196 1355 2237 ἐῶντες
1384 2193 1540 2236 οὐδένες
1561 2195 1637 2233 πώ-

120 2253 205 2293 ποτ’
227 2254 449 2303 ἐσώθησαν.
489 2254 540 2294 F.
563 2253 616 2293 A.
642 2253 839 2293 WOLF.

177 2309 275 2361 508,
302 2311 364 2348 16.
387 2309 577 2359 κίβδηλον
599 2309 659 2349 καὶ
681 2307 867 2362 ἄπιστον]
893 2307 1095 2361 Ejusdem
1115 2307 1156 2346 h.
1178 2307 1204 2346 l.
1226 2306 1414 2359 epitheta,
1434 2305 1638 2360 significa-

121 2363 249 2403 tionis
267 2379 275 2403 :
306 2363 422 2417 prius
442 2365 662 2418 tropicum,
684 2364 894 2418 posterius
914 2363 1138 2417 proprium.
1173 2361 1423 2403 SOHAEF.

179 2420 276 2472 508,
304 2430 367 2471 17.
401 2420 468 2459 οὐκ
496 2420 564 2460 οἵδ’
588 2422 609 2459 ὅ
639 2437 674 2460 τι
700 2424 760 2460 δεῖ
783 2420 906 2460 πλείω
932 2419 1086 2471 λέγειν]
1127 2419 1342 2471 Frequens
1367 2417 1471 2457 haec
1502 2422 1639 2457 orato-

122 2474 238 2514 ribus
260 2475 438 2515 formula.
458 2475 500 2514 in
522 2475 855 2515 conclusionibus
876 2475 1125 2515 orationum.
1188 2473 1338 2527 Lysias
1360 2478 1508 2512 contra
1529 2474 1637 2511 Fru-

123 2534 298 2570 mentar.
329 2531 384 2570 ad
410 2530 480 2570 fin.
511 2532 577 2571 οὐκ
609 2531 677 2570 οἶδ’
706 2532 728 2570 ὅ
755 2548 791 2570 τι
819 2534 880 2571 δεῖ
905 2532 1029 2570 πλείω
1059 2530 1207 2581 λέγειν·
1239 2530 1326 2579 περὶ
1355 2530 1428 2578 μὲν
1458 2530 1533 2578 γὰρ
1564 2532 1640 2567 τῶν

123 2587 369 2629 ἄλλωνεῖο.
421 2586 479 2626 Et
510 2586 571 2626 ita
605 2600 730 2639 saepe
765 2586 833 2625 ille
864 2591 906 2625 et
942 2586 1110 2625 caeteri.
1147 2583 1506 2623 MARKLAND.
1558 2583 1639 2622 Ea-

125 2642 219 2681 dem
254 2641 517 2682 conclusione
552 2642 725 2695 simplici
765 2642 907 2681 Isacus
942 2641 1077 2680 utitur
1113 2642 1231 2681 Orat.
1267 2640 1344 2680 VI.
1383 2644 1425 2678 ct
1460 2639 1562 2677 VII.
1597 2643 1639 2677 et

125 2702 269 2738 noster
289 2697 424 2738 tribus
446 2698 537 2739 aliis
559 2698 672 2739 locis.
707 2699 755 2737 F.
780 2698 832 2737 A.
857 2696 1054 2737 WOLF.

860 2988 919 3012 .(.)

847 3002 919 3025 ΙΧΝ
