<?xml version="1.0" encoding="UTF-8"?>
<!DOCTYPE html PUBLIC "-//W3C//DTD XHTML 1.0 Transitional//EN"
    "http://www.w3.org/TR/xhtml1/DTD/xhtml1-transitional.dtd">
<html xmlns="http://www.w3.org/1999/xhtml" xml:lang="en" lang="en">
 <head>
  <title>
</title>
<meta http-equiv="Content-Type" content="text/html;charset=utf-8" />
  <meta name='ocr-system' content='tesseract 3.04.00' />
  <meta name='ocr-capabilities' content='ocr_page ocr_carea ocr_par ocr_line ocrx_word'/>
</head>
<body>
  <div class='ocr_page' id='page_1' title='image "./operaexrecension06demouoft/operaexrecension06demouoft_0417.png"; bbox 0 0 1997 3256; ppageno 0'>
   <div class='ocr_carea' id='block_1_1' title="bbox 498 144 1638 192">
    <p class='ocr_par' dir='ltr' id='par_1_1' title="bbox 498 144 1638 192">
     <span class='ocr_line' id='line_1_1' title="bbox 498 144 1638 192; baseline 0.007 -8"><span class='ocrx_word' id='word_1_1' title='bbox 498 144 821 186; x_wconf 81' lang='lat' dir='ltr'><strong>ADVERSUS</strong></span> <span class='ocrx_word' id='word_1_2' title='bbox 854 146 1272 188; x_wconf 75' lang='lat' dir='ltr'>TIMOCRATEM.</span> <span class='ocrx_word' id='word_1_3' title='bbox 1531 152 1638 192; x_wconf 72' lang='lat'>1005</span> 
     </span>
    </p>
   </div>
   <div class='ocr_carea' id='block_1_2' title="bbox 115 248 1642 3003">
    <p class='ocr_par' dir='ltr' id='par_1_2' title="bbox 125 248 1642 697">
     <span class='ocr_line' id='line_1_2' title="bbox 131 248 1638 303; baseline 0.004 -15"><span class='ocrx_word' id='word_1_4' title='bbox 131 248 365 298; x_wconf 83' lang='grc' dir='ltr'>ἐποιήσαντο</span> <span class='ocrx_word' id='word_1_5' title='bbox 398 252 503 300; x_wconf 79' lang='grc' dir='ltr'>σφᾶς</span> <span class='ocrx_word' id='word_1_6' title='bbox 534 250 671 292; x_wconf 83' lang='grc' dir='ltr'>αὐτοὺς</span> <span class='ocrx_word' id='word_1_7' title='bbox 701 269 723 301; x_wconf 90' lang='grc' dir='ltr'>η</span> <span class='ocrx_word' id='word_1_8' title='bbox 759 252 845 294; x_wconf 81' lang='grc' dir='ltr'>τοὺς</span> <span class='ocrx_word' id='word_1_9' title='bbox 877 253 1065 303; x_wconf 88' lang='grc' dir='ltr'>πρότερον</span> <span class='ocrx_word' id='word_1_10' title='bbox 1096 255 1256 296; x_wconf 82' lang='grc' dir='ltr'>οἰκείους</span> <span class='ocrx_word' id='word_1_11' title='bbox 1289 253 1638 296; x_wconf 66' lang='lat' dir='ltr'>611ra9.WOLF.</span> 
     </span>
     <span class='ocr_line' id='line_1_3' title="bbox 128 305 1642 363; baseline 0.005 -20"><span class='ocrx_word' id='word_1_12' title='bbox 128 305 345 357; x_wconf 70' lang='lat' dir='ltr'>nwzfiwiZe</span> <span class='ocrx_word' id='word_1_13' title='bbox 357 306 605 358; x_wconf 57' lang='lat' dir='ltr'>placa-enias,</span> <span class='ocrx_word' id='word_1_14' title='bbox 629 307 668 346; x_wconf 94' lang='lat' dir='ltr'>h.</span> <span class='ocrx_word' id='word_1_15' title='bbox 684 322 718 347; x_wconf 91' lang='lat' dir='ltr'>e.</span> <span class='ocrx_word' id='word_1_16' title='bbox 736 308 870 362; x_wconf 71' lang='lat' dir='ltr'>effugi</span> <span class='ocrx_word' id='word_1_17' title='bbox 862 315 918 356; x_wconf 51' lang='grc' dir='ltr'>ἑὼ</span> <span class='ocrx_word' id='word_1_18' title='bbox 942 309 1165 355; x_wconf 70' lang='lat' dir='ltr'>multetudo,</span> <span class='ocrx_word' id='word_1_19' title='bbox 1189 324 1262 363; x_wconf 71' lang='lat' dir='ltr'>qao</span> <span class='ocrx_word' id='word_1_20' title='bbox 1282 310 1414 350; x_wconf 71' lang='lat' dir='ltr'>minus</span> <span class='ocrx_word' id='word_1_21' title='bbox 1433 310 1494 350; x_wconf 69' lang='lat' dir='ltr'>leis</span> <span class='ocrx_word' id='word_1_22' title='bbox 1515 309 1570 351; x_wconf 55' lang='lat' dir='ltr'>bes</span> <span class='ocrx_word' id='word_1_23' title='bbox 1563 311 1642 350; x_wconf 74' lang='lat' dir='ltr'>tiis</span> 
     </span>
     <span class='ocr_line' id='line_1_4' title="bbox 127 361 1642 406; baseline 0.005 -7"><span class='ocrx_word' id='word_1_24' title='bbox 127 361 288 400; x_wconf 74' lang='lat' dir='ltr'>serviat.</span> <span class='ocrx_word' id='word_1_25' title='bbox 315 361 511 402; x_wconf 84' lang='lat' dir='ltr'>REISK.</span> <span class='ocrx_word' id='word_1_26' title='bbox 574 363 703 403; x_wconf 90' lang='lat' dir='ltr'>Recte</span> <span class='ocrx_word' id='word_1_27' title='bbox 721 364 778 402; x_wconf 80' lang='lat' dir='ltr'>W</span> <span class='ocrx_word' id='word_1_28' title='bbox 782 365 923 404; x_wconf 90' lang='lat' dir='ltr'>olfius:</span> <span class='ocrx_word' id='word_1_29' title='bbox 950 379 1066 405; x_wconf 86' lang='lat' dir='ltr'>secus</span> <span class='ocrx_word' id='word_1_30' title='bbox 1088 365 1294 405; x_wconf 78' lang='lat' dir='ltr'>Reiskius.</span> <span class='ocrx_word' id='word_1_31' title='bbox 1359 368 1511 406; x_wconf 80' lang='lat' dir='ltr'>Sensus</span> <span class='ocrx_word' id='word_1_32' title='bbox 1532 366 1642 406; x_wconf 89' lang='lat' dir='ltr'>enim</span> 
     </span>
     <span class='ocr_line' id='line_1_5' title="bbox 128 417 1642 474; baseline 0.005 -19"><span class='ocrx_word' id='word_1_33' title='bbox 128 417 329 457; x_wconf 83' lang='lat' dir='ltr'>formulae</span> <span class='ocrx_word' id='word_1_34' title='bbox 360 423 450 458; x_wconf 79' lang='lat' dir='ltr'>est:</span> <span class='ocrx_word' id='word_1_35' title='bbox 485 420 582 458; x_wconf 78' lang='grc' dir='ltr'>οὕτω</span> <span class='ocrx_word' id='word_1_36' title='bbox 610 420 761 472; x_wconf 80' lang='grc' dir='ltr'>ταχέως</span> <span class='ocrx_word' id='word_1_37' title='bbox 791 422 1006 468; x_wconf 71' lang='grc' dir='ltr'>δουλεύσει,</span> <span class='ocrx_word' id='word_1_38' title='bbox 1037 422 1138 461; x_wconf 83' lang='grc' dir='ltr'>ὥστε</span> <span class='ocrx_word' id='word_1_39' title='bbox 1172 440 1223 472; x_wconf 83' lang='grc' dir='ltr'>μη</span> <span class='ocrx_word' id='word_1_40' title='bbox 1255 424 1444 462; x_wconf 81' lang='grc' dir='ltr'>δύνασθαι</span> <span class='ocrx_word' id='word_1_41' title='bbox 1474 423 1642 474; x_wconf 84' lang='grc' dir='ltr'>φθάνειν</span> 
     </span>
     <span class='ocr_line' id='line_1_6' title="bbox 128 475 1641 530; baseline 0.004 -18"><span class='ocrx_word' id='word_1_42' title='bbox 128 476 327 514; x_wconf 81' lang='grc' dir='ltr'>δουλεῦον.</span> <span class='ocrx_word' id='word_1_43' title='bbox 359 481 440 514; x_wconf 73' lang='lat' dir='ltr'>tam</span> <span class='ocrx_word' id='word_1_44' title='bbox 462 475 535 514; x_wconf 75' lang='lat' dir='ltr'>celo</span> <span class='ocrx_word' id='word_1_45' title='bbox 555 489 617 515; x_wconf 73' lang='lat' dir='ltr'>se}</span> <span class='ocrx_word' id='word_1_46' title='bbox 620 476 708 523; x_wconf 70' lang='lat' dir='ltr'>met,</span> <span class='ocrx_word' id='word_1_47' title='bbox 734 483 773 515; x_wconf 71' lang='lat' dir='ltr'>ut</span> <span class='ocrx_word' id='word_1_48' title='bbox 791 477 906 517; x_wconf 73' lang='lat' dir='ltr'>citius</span> <span class='ocrx_word' id='word_1_49' title='bbox 928 492 1002 518; x_wconf 73' lang='lat' dir='ltr'>non</span> <span class='ocrx_word' id='word_1_50' title='bbox 1026 478 1162 530; x_wconf 67' lang='lat' dir='ltr'>posset.</span> <span class='ocrx_word' id='word_1_51' title='bbox 1230 478 1301 525; x_wconf 87' lang='lat' dir='ltr'>Ut,</span> <span class='ocrx_word' id='word_1_52' title='bbox 1325 483 1462 519; x_wconf 79' lang='lat' dir='ltr'>servat</span> <span class='ocrx_word' id='word_1_53' title='bbox 1467 494 1491 518; x_wconf 86' lang='grc' dir='ltr'>ι</span> <span class='ocrx_word' id='word_1_54' title='bbox 1512 479 1641 518; x_wconf 85' lang='lat' dir='ltr'>notis-</span> 
     </span>
     <span class='ocr_line' id='line_1_7' title="bbox 127 528 1641 588; baseline 0.004 -20"><span class='ocrx_word' id='word_1_55' title='bbox 127 528 231 569; x_wconf 83' lang='lat' dir='ltr'>sima</span> <span class='ocrx_word' id='word_1_56' title='bbox 271 529 383 570; x_wconf 83' lang='lat' dir='ltr'>verbi</span> <span class='ocrx_word' id='word_1_57' title='bbox 424 531 590 582; x_wconf 82' lang='grc' dir='ltr'>φθάνειν</span> <span class='ocrx_word' id='word_1_58' title='bbox 623 531 938 584; x_wconf 73' lang='lat' dir='ltr'>sio-nificationo</span> <span class='ocrx_word' id='word_1_59' title='bbox 980 533 1192 574; x_wconf 89' lang='lat' dir='ltr'>idiomatis</span> <span class='ocrx_word' id='word_1_60' title='bbox 1233 534 1273 573; x_wconf 87' lang='lat' dir='ltr'>in</span> <span class='ocrx_word' id='word_1_61' title='bbox 1314 534 1641 588; x_wconf 76' lang='lat' dir='ltr'>impeditissimis</span> 
     </span>
     <span class='ocr_line' id='line_1_8' title="bbox 126 585 1641 648; baseline 0.004 -24"><span class='ocrx_word' id='word_1_62' title='bbox 126 585 264 648; x_wconf 41' lang='lat' dir='ltr'>vulgo.</span> <span class='ocrx_word' id='word_1_63' title='bbox 271 586 478 627; x_wconf 85' lang='lat' dir='ltr'>numerati</span> <span class='ocrx_word' id='word_1_64' title='bbox 511 587 641 641; x_wconf 74' lang='lat' dir='ltr'>explic</span> <span class='ocrx_word' id='word_1_65' title='bbox 644 593 741 628; x_wconf 85' lang='lat' dir='ltr'>atus</span> <span class='ocrx_word' id='word_1_66' title='bbox 768 588 986 628; x_wconf 77' lang='lat' dir='ltr'>facillimus</span> <span class='ocrx_word' id='word_1_67' title='bbox 1013 604 1101 629; x_wconf 83' lang='lat' dir='ltr'>csse</span> <span class='ocrx_word' id='word_1_68' title='bbox 1124 590 1326 630; x_wconf 69' lang='lat' dir='ltr'>xideatur.</span> <span class='ocrx_word' id='word_1_69' title='bbox 1389 591 1505 631; x_wconf 87' lang='lat' dir='ltr'>Conf.</span> <span class='ocrx_word' id='word_1_70' title='bbox 1531 592 1641 630; x_wconf 86' lang='lat' dir='ltr'>Her-</span> 
     </span>
     <span class='ocr_line' id='line_1_9' title="bbox 125 641 1056 697; baseline 0.006 -17"><span class='ocrx_word' id='word_1_71' title='bbox 125 641 349 682; x_wconf 86' lang='lat' dir='ltr'>manniana</span> <span class='ocrx_word' id='word_1_72' title='bbox 371 643 425 682; x_wconf 85' lang='lat' dir='ltr'>ad</span> <span class='ocrx_word' id='word_1_73' title='bbox 448 643 590 697; x_wconf 77' lang='lat' dir='ltr'>Vigor.</span> <span class='ocrx_word' id='word_1_74' title='bbox 613 659 652 697; x_wconf 87' lang='lat' dir='ltr'>p.</span> <span class='ocrx_word' id='word_1_75' title='bbox 676 647 770 696; x_wconf 80' lang='lat'>764.</span> <span class='ocrx_word' id='word_1_76' title='bbox 804 644 912 684; x_wconf 89' lang='lat' dir='ltr'>SCH</span> <span class='ocrx_word' id='word_1_77' title='bbox 922 646 1056 686; x_wconf 81' lang='lat' dir='ltr'>AEl.</span> 
     </span>
    </p>

    <p class='ocr_par' dir='ltr' id='par_1_3' title="bbox 123 699 1642 965">
     <span class='ocr_line' id='line_1_10' title="bbox 185 699 1640 755; baseline 0.003 -18"><span class='ocrx_word' id='word_1_78' title='bbox 185 709 362 752; x_wconf 76' lang='grc'><strong>745,15.</strong></span> <span class='ocrx_word' id='word_1_79' title='bbox 385 699 488 753; x_wconf 77' lang='grc' dir='ltr'>ἁλῷ]</span> <span class='ocrx_word' id='word_1_80' title='bbox 528 700 663 740; x_wconf 75' lang='lat' dir='ltr'>“Etsi</span> <span class='ocrx_word' id='word_1_81' title='bbox 700 701 836 740; x_wconf 85' lang='lat' dir='ltr'>adhuc</span> <span class='ocrx_word' id='word_1_82' title='bbox 872 702 1046 751; x_wconf 80' lang='grc' dir='ltr'>ἄκριτος;</span> <span class='ocrx_word' id='word_1_83' title='bbox 1094 701 1133 740; x_wconf 84' lang='grc'>1(1</span> <span class='ocrx_word' id='word_1_84' title='bbox 1172 702 1283 754; x_wconf 85' lang='lat' dir='ltr'>quod</span> <span class='ocrx_word' id='word_1_85' title='bbox 1316 701 1534 755; x_wconf 79' lang='lat' dir='ltr'>sequentia</span> <span class='ocrx_word' id='word_1_86' title='bbox 1569 703 1640 742; x_wconf 85' lang='lat' dir='ltr'>(lo—</span> 
     </span>
     <span class='ocr_line' id='line_1_11' title="bbox 125 755 1639 810; baseline 0.003 -17"><span class='ocrx_word' id='word_1_87' title='bbox 125 755 283 794; x_wconf 52' lang='lat' dir='ltr'>ceant?7</span> <span class='ocrx_word' id='word_1_88' title='bbox 344 755 413 795; x_wconf 89' lang='lat' dir='ltr'>Ita</span> <span class='ocrx_word' id='word_1_89' title='bbox 446 756 757 796; x_wconf 83' lang='lat' dir='ltr'>Schoemannus</span> <span class='ocrx_word' id='word_1_90' title='bbox 786 757 836 796; x_wconf 88' lang='lat' dir='ltr'>‹le</span> <span class='ocrx_word' id='word_1_91' title='bbox 858 757 955 797; x_wconf 87' lang='lat' dir='ltr'>Lite</span> <span class='ocrx_word' id='word_1_92' title='bbox 976 757 1125 797; x_wconf 84' lang='lat' dir='ltr'>Attica</span> <span class='ocrx_word' id='word_1_93' title='bbox 1146 772 1184 810; x_wconf 89' lang='lat' dir='ltr'>p.</span> <span class='ocrx_word' id='word_1_94' title='bbox 1206 759 1302 810; x_wconf 81' lang='grc'><em>585.</em></span> <span class='ocrx_word' id='word_1_95' title='bbox 1365 758 1448 798; x_wconf 88' lang='lat' dir='ltr'>Sed</span> <span class='ocrx_word' id='word_1_96' title='bbox 1479 760 1639 807; x_wconf 78' lang='grc' dir='ltr'>ἁλῶναι,</span> 
     </span>
     <span class='ocr_line' id='line_1_12' title="bbox 125 810 1642 867; baseline 0.004 -18"><span class='ocrx_word' id='word_1_97' title='bbox 125 810 235 863; x_wconf 89' lang='lat' dir='ltr'>quod</span> <span class='ocrx_word' id='word_1_98' title='bbox 256 811 396 859; x_wconf 69' lang='lat' dir='ltr'>sciam,</span> <span class='ocrx_word' id='word_1_99' title='bbox 420 826 502 851; x_wconf 91' lang='lat' dir='ltr'>non</span> <span class='ocrx_word' id='word_1_100' title='bbox 531 812 683 852; x_wconf 82' lang='lat' dir='ltr'>dicitul</span> <span class='ocrx_word' id='word_1_101' title='bbox 710 814 882 864; x_wconf 74' lang='grc' dir='ltr'>ἄκριτοςῑ</span> <span class='ocrx_word' id='word_1_102' title='bbox 917 812 1135 867; x_wconf 85' lang='lat' dir='ltr'>sequentia</span> <span class='ocrx_word' id='word_1_103' title='bbox 1156 819 1298 853; x_wconf 80' lang='lat' dir='ltr'>autem</span> <span class='ocrx_word' id='word_1_104' title='bbox 1320 828 1402 853; x_wconf 91' lang='lat' dir='ltr'>non</span> <span class='ocrx_word' id='word_1_105' title='bbox 1423 814 1642 855; x_wconf 77' lang='lat' dir='ltr'>r‘efe1enda</span> 
     </span>
     <span class='ocr_line' id='line_1_13' title="bbox 124 867 1639 924; baseline 0.003 -18"><span class='ocrx_word' id='word_1_106' title='bbox 124 871 221 906; x_wconf 88' lang='lat' dir='ltr'>sunt</span> <span class='ocrx_word' id='word_1_107' title='bbox 243 867 297 907; x_wconf 85' lang='lat' dir='ltr'>ad</span> <span class='ocrx_word' id='word_1_108' title='bbox 318 868 445 908; x_wconf 82' lang='lat' dir='ltr'>verba</span> <span class='ocrx_word' id='word_1_109' title='bbox 465 868 568 917; x_wconf 76' lang='grc' dir='ltr'>πλὴν</span> <span class='ocrx_word' id='word_1_110' title='bbox 591 868 658 908; x_wconf 82' lang='grc' dir='ltr'>ἐάν</span> <span class='ocrx_word' id='word_1_111' title='bbox 679 869 844 919; x_wconf 79' lang='grc' dir='ltr'>τις-μὴ</span> <span class='ocrx_word' id='word_1_112' title='bbox 876 869 1122 924; x_wconf 78' lang='grc' dir='ltr'>καταβάλλη,</span> <span class='ocrx_word' id='word_1_113' title='bbox 1146 870 1219 909; x_wconf 85' lang='grc'><strong>86(1</strong></span> <span class='ocrx_word' id='word_1_114' title='bbox 1249 870 1303 910; x_wconf 86' lang='lat' dir='ltr'>ad</span> <span class='ocrx_word' id='word_1_115' title='bbox 1325 871 1451 911; x_wconf 82' lang='lat' dir='ltr'>verba</span> <span class='ocrx_word' id='word_1_116' title='bbox 1472 870 1513 913; x_wconf 79' lang='grc' dir='ltr'>ὃς</span> <span class='ocrx_word' id='word_1_117' title='bbox 1535 871 1639 911; x_wconf 65' lang='grc' dir='ltr'>ἂν-</span> 
     </span>
     <span class='ocr_line' id='line_1_14' title="bbox 123 924 630 965; baseline 0.002 -3"><span class='ocrx_word' id='word_1_118' title='bbox 123 926 343 965; x_wconf 81' lang='grc' dir='ltr'>τελοῦντας.</span> <span class='ocrx_word' id='word_1_119' title='bbox 376 924 630 965; x_wconf 87' lang='lat' dir='ltr'>SCHAEF.</span> 
     </span>
    </p>

    <p class='ocr_par' dir='ltr' id='par_1_4' title="bbox 121 980 1640 1147">
     <span class='ocr_line' id='line_1_15' title="bbox 182 980 1640 1036; baseline 0.003 -18.007"><span class='ocrx_word' id='word_1_120' title='bbox 182 991 275 1032; x_wconf 74' lang='lat'>745,</span> <span class='ocrx_word' id='word_1_121' title='bbox 296 992 359 1032; x_wconf 87' lang='lat'>17.</span> <span class='ocrx_word' id='word_1_122' title='bbox 381 981 424 1020; x_wconf 87' lang='grc' dir='ltr'>οὐ</span> <span class='ocrx_word' id='word_1_123' title='bbox 452 982 527 1031; x_wconf 84' lang='grc' dir='ltr'>γὰρ</span> <span class='ocrx_word' id='word_1_124' title='bbox 560 981 648 1034; x_wconf 85' lang='grc' dir='ltr'>ἐρῶ]</span> <span class='ocrx_word' id='word_1_125' title='bbox 683 980 931 1035; x_wconf 80' lang='lat' dir='ltr'>Quanquam</span> <span class='ocrx_word' id='word_1_126' title='bbox 965 981 1101 1022; x_wconf 87' lang='lat' dir='ltr'>dicere</span> <span class='ocrx_word' id='word_1_127' title='bbox 1136 996 1313 1036; x_wconf 82' lang='lat' dir='ltr'>possem.</span> <span class='ocrx_word' id='word_1_128' title='bbox 1376 982 1536 1023; x_wconf 85' lang='lat' dir='ltr'>Iterum</span> <span class='ocrx_word' id='word_1_129' title='bbox 1565 982 1640 1023; x_wconf 89' lang='lat' dir='ltr'>ite-</span> 
     </span>
     <span class='ocr_line' id='line_1_16' title="bbox 122 1035 1639 1090; baseline 0.003 -16"><span class='ocrx_word' id='word_1_130' title='bbox 122 1049 295 1089; x_wconf 86' lang='lat' dir='ltr'>rumque</span> <span class='ocrx_word' id='word_1_131' title='bbox 317 1035 497 1076; x_wconf 80' lang='lat' dir='ltr'>inculcat</span> <span class='ocrx_word' id='word_1_132' title='bbox 520 1037 630 1090; x_wconf 90' lang='lat' dir='ltr'>quod</span> <span class='ocrx_word' id='word_1_133' title='bbox 652 1037 778 1078; x_wconf 78' lang='lat' dir='ltr'>scilet</span> <span class='ocrx_word' id='word_1_134' title='bbox 796 1038 856 1078; x_wconf 80' lang='lat' dir='ltr'>vel</span> <span class='ocrx_word' id='word_1_135' title='bbox 877 1038 1058 1078; x_wconf 82' lang='lat' dir='ltr'>maxime</span> <span class='ocrx_word' id='word_1_136' title='bbox 1080 1044 1385 1079; x_wconf 88' lang='lat' dir='ltr'>commoturum</span> <span class='ocrx_word' id='word_1_137' title='bbox 1406 1054 1493 1080; x_wconf 90' lang='lat' dir='ltr'>esse</span> <span class='ocrx_word' id='word_1_138' title='bbox 1516 1039 1639 1080; x_wconf 87' lang='lat' dir='ltr'>bilem</span> 
     </span>
     <span class='ocr_line' id='line_1_17' title="bbox 121 1091 1211 1147; baseline 0.002 -15"><span class='ocrx_word' id='word_1_139' title='bbox 121 1091 371 1132; x_wconf 78' lang='lat' dir='ltr'>auditmum</span> <span class='ocrx_word' id='word_1_140' title='bbox 406 1092 459 1132; x_wconf 75' lang='lat' dir='ltr'>V.</span> <span class='ocrx_word' id='word_1_141' title='bbox 482 1108 522 1146; x_wconf 89' lang='lat' dir='ltr'>p.</span> <span class='ocrx_word' id='word_1_142' title='bbox 545 1106 640 1147; x_wconf 70' lang='lat'>734,</span> <span class='ocrx_word' id='word_1_143' title='bbox 655 1107 723 1146; x_wconf 78' lang='lat'>30.</span> <span class='ocrx_word' id='word_1_144' title='bbox 758 1105 851 1146; x_wconf 84' lang='lat'>744.</span> <span class='ocrx_word' id='word_1_145' title='bbox 870 1096 934 1134; x_wconf 81' lang='lat'>26.</span> <span class='ocrx_word' id='word_1_146' title='bbox 961 1094 1071 1135; x_wconf 70' lang='lat' dir='ltr'>SCH</span> <span class='ocrx_word' id='word_1_147' title='bbox 1078 1095 1211 1134; x_wconf 79' lang='lat' dir='ltr'>AEF.</span> 
     </span>
    </p>

    <p class='ocr_par' dir='ltr' id='par_1_5' title="bbox 121 1149 1641 1315">
     <span class='ocr_line' id='line_1_18' title="bbox 181 1149 1639 1203; baseline 0.002 -15"><span class='ocrx_word' id='word_1_148' title='bbox 181 1159 274 1201; x_wconf 67' lang='lat'>745.</span> <span class='ocrx_word' id='word_1_149' title='bbox 300 1150 365 1189; x_wconf 84' lang='lat'>26.</span> <span class='ocrx_word' id='word_1_150' title='bbox 388 1149 613 1203; x_wconf 84' lang='grc' dir='ltr'>γνώσεσθε]</span> <span class='ocrx_word' id='word_1_151' title='bbox 638 1150 841 1190; x_wconf 80' lang='lat' dir='ltr'>Resolve:</span> <span class='ocrx_word' id='word_1_152' title='bbox 873 1152 962 1195; x_wconf 75' lang='grc' dir='ltr'>Εοο</span> <span class='ocrx_word' id='word_1_153' title='bbox 995 1166 1079 1191; x_wconf 60' lang='lat' dir='ltr'>nro</span> <span class='ocrx_word' id='word_1_154' title='bbox 1109 1151 1184 1191; x_wconf 76' lang='lat' dir='ltr'>hac</span> <span class='ocrx_word' id='word_1_155' title='bbox 1208 1151 1254 1191; x_wconf 72' lang='lat' dir='ltr'>de</span> <span class='ocrx_word' id='word_1_156' title='bbox 1281 1165 1322 1191; x_wconf 69' lang='grc' dir='ltr'><strong><em>9ο</em></strong></span> <span class='ocrx_word' id='word_1_157' title='bbox 1349 1151 1407 1191; x_wconf 71' lang='lat' dir='ltr'>ita</span> <span class='ocrx_word' id='word_1_158' title='bbox 1434 1152 1639 1201; x_wconf 72' lang='lat' dir='ltr'>disseram,</span> 
     </span>
     <span class='ocr_line' id='line_1_19' title="bbox 121 1204 1641 1262; baseline 0.004 -19"><span class='ocrx_word' id='word_1_159' title='bbox 121 1204 306 1257; x_wconf 73' lang='lat' dir='ltr'>quomodo</span> <span class='ocrx_word' id='word_1_160' title='bbox 328 1220 385 1245; x_wconf 76' lang='lat' dir='ltr'>me</span> <span class='ocrx_word' id='word_1_161' title='bbox 416 1205 660 1246; x_wconf 60' lang='lat' dir='ltr'>dissemntan</span> <span class='ocrx_word' id='word_1_162' title='bbox 689 1207 892 1247; x_wconf 71' lang='lat' dir='ltr'>audientes</span> <span class='ocrx_word' id='word_1_163' title='bbox 915 1207 1140 1262; x_wconf 69' lang='lat' dir='ltr'>intelleqetz‘s</span> <span class='ocrx_word' id='word_1_164' title='bbox 1169 1222 1259 1247; x_wconf 66' lang='lat' dir='ltr'>vem</span> <span class='ocrx_word' id='word_1_165' title='bbox 1289 1222 1346 1247; x_wconf 68' lang='grc'><strong>9916</strong></span> <span class='ocrx_word' id='word_1_166' title='bbox 1367 1208 1507 1248; x_wconf 72' lang='lat' dir='ltr'>dicere.</span> <span class='ocrx_word' id='word_1_167' title='bbox 1571 1209 1641 1249; x_wconf 78' lang='lat' dir='ltr'>Ita</span> 
     </span>
     <span class='ocr_line' id='line_1_20' title="bbox 121 1260 950 1315; baseline 0.005 -16"><span class='ocrx_word' id='word_1_168' title='bbox 121 1260 258 1301; x_wconf 88' lang='lat' dir='ltr'>satis</span> <span class='ocrx_word' id='word_1_169' title='bbox 246 1276 377 1315; x_wconf 85' lang='lat' dir='ltr'>appa1</span> <span class='ocrx_word' id='word_1_170' title='bbox 380 1267 421 1302; x_wconf 91' lang='lat' dir='ltr'>et</span> <span class='ocrx_word' id='word_1_171' title='bbox 444 1262 504 1301; x_wconf 79' lang='lat' dir='ltr'>vis</span> <span class='ocrx_word' id='word_1_172' title='bbox 525 1263 807 1303; x_wconf 79' lang='lat' dir='ltr'>futu1i.SCH</span> <span class='ocrx_word' id='word_1_173' title='bbox 813 1264 950 1303; x_wconf 82' lang='lat' dir='ltr'>AEF.</span> 
     </span>
    </p>

    <p class='ocr_par' dir='ltr' id='par_1_6' title="bbox 120 1318 1639 1653">
     <span class='ocr_line' id='line_1_21' title="bbox 181 1318 1638 1374; baseline 0.003 -18.007"><span class='ocrx_word' id='word_1_174' title='bbox 181 1329 274 1370; x_wconf 82' lang='grc'>745</span> <span class='ocrx_word' id='word_1_175' title='bbox 301 1330 365 1368; x_wconf 87' lang='lat'>27.</span> <span class='ocrx_word' id='word_1_176' title='bbox 389 1320 477 1368; x_wconf 74' lang='grc' dir='ltr'>ἐξην</span> <span class='ocrx_word' id='word_1_177' title='bbox 507 1319 611 1372; x_wconf 85' lang='grc' dir='ltr'>ὑμῖν]</span> <span class='ocrx_word' id='word_1_178' title='bbox 647 1318 690 1358; x_wconf 92' lang='lat' dir='ltr'>Si</span> <span class='ocrx_word' id='word_1_179' title='bbox 724 1319 826 1373; x_wconf 77' lang='lat' dir='ltr'>legis</span> <span class='ocrx_word' id='word_1_180' title='bbox 860 1334 908 1360; x_wconf 85' lang='lat' dir='ltr'>ea</span> <span class='ocrx_word' id='word_1_181' title='bbox 941 1324 1051 1360; x_wconf 84' lang='lat' dir='ltr'>esset</span> <span class='ocrx_word' id='word_1_182' title='bbox 1084 1319 1306 1367; x_wconf 75' lang='lat' dir='ltr'>sententia,</span> <span class='ocrx_word' id='word_1_183' title='bbox 1343 1334 1467 1374; x_wconf 87' lang='lat' dir='ltr'>quam</span> <span class='ocrx_word' id='word_1_184' title='bbox 1497 1320 1638 1361; x_wconf 86' lang='lat' dir='ltr'>Timo-</span> 
     </span>
     <span class='ocr_line' id='line_1_22' title="bbox 121 1373 1639 1429; baseline 0.002 -16"><span class='ocrx_word' id='word_1_185' title='bbox 121 1387 166 1413; x_wconf 89' lang='grc'>01</span> <span class='ocrx_word' id='word_1_186' title='bbox 168 1378 259 1414; x_wconf 73' lang='lat' dir='ltr'>ates</span> <span class='ocrx_word' id='word_1_187' title='bbox 280 1373 316 1413; x_wconf 88' lang='lat' dir='ltr'>ei</span> <span class='ocrx_word' id='word_1_188' title='bbox 337 1374 532 1428; x_wconf 82' lang='lat' dir='ltr'>imputat.</span> <span class='ocrx_word' id='word_1_189' title='bbox 593 1375 815 1415; x_wconf 75' lang='lat' dir='ltr'>Concludit</span> <span class='ocrx_word' id='word_1_190' title='bbox 836 1376 921 1416; x_wconf 91' lang='lat' dir='ltr'>sic:</span> <span class='ocrx_word' id='word_1_191' title='bbox 951 1376 1210 1416; x_wconf 77' lang='lat' dir='ltr'>Timoclates</span> <span class='ocrx_word' id='word_1_192' title='bbox 1231 1380 1358 1429; x_wconf 80' lang='lat' dir='ltr'>negat</span> <span class='ocrx_word' id='word_1_193' title='bbox 1380 1376 1494 1416; x_wconf 83' lang='lat' dir='ltr'>vobis</span> <span class='ocrx_word' id='word_1_194' title='bbox 1515 1377 1639 1417; x_wconf 88' lang='lat' dir='ltr'>licere</span> 
     </span>
     <span class='ocr_line' id='line_1_23' title="bbox 120 1430 1637 1485; baseline 0.004 -17"><span class='ocrx_word' id='word_1_195' title='bbox 120 1443 172 1469; x_wconf 80' lang='lat' dir='ltr'>ex</span> <span class='ocrx_word' id='word_1_196' title='bbox 193 1430 271 1470; x_wconf 87' lang='lat' dir='ltr'>hac</span> <span class='ocrx_word' id='word_1_197' title='bbox 293 1430 382 1485; x_wconf 83' lang='lat' dir='ltr'>lege</span> <span class='ocrx_word' id='word_1_198' title='bbox 404 1445 653 1485; x_wconf 89' lang='lat' dir='ltr'>quemquam</span> <span class='ocrx_word' id='word_1_199' title='bbox 675 1432 890 1472; x_wconf 77' lang='lat' dir='ltr'>custodiae</span> <span class='ocrx_word' id='word_1_200' title='bbox 919 1433 1032 1472; x_wconf 80' lang='lat' dir='ltr'>(lale.</span> <span class='ocrx_word' id='word_1_201' title='bbox 1095 1432 1216 1483; x_wconf 78' lang='lat' dir='ltr'>Quod</span> <span class='ocrx_word' id='word_1_202' title='bbox 1238 1447 1308 1471; x_wconf 67' lang='lat' dir='ltr'>xei</span> <span class='ocrx_word' id='word_1_203' title='bbox 1312 1447 1380 1471; x_wconf 90' lang='lat' dir='ltr'>um</span> <span class='ocrx_word' id='word_1_204' title='bbox 1401 1432 1536 1473; x_wconf 85' lang='lat' dir='ltr'>minus</span> <span class='ocrx_word' id='word_1_205' title='bbox 1559 1438 1637 1474; x_wconf 89' lang='lat' dir='ltr'>est.</span> 
     </span>
     <span class='ocr_line' id='line_1_24' title="bbox 121 1485 1638 1543; baseline 0.003 -18"><span class='ocrx_word' id='word_1_206' title='bbox 121 1485 229 1526; x_wconf 83' lang='lat' dir='ltr'>Nam</span> <span class='ocrx_word' id='word_1_207' title='bbox 251 1486 285 1526; x_wconf 90' lang='lat' dir='ltr'>si</span> <span class='ocrx_word' id='word_1_208' title='bbox 307 1492 430 1535; x_wconf 87' lang='lat' dir='ltr'>esset,</span> <span class='ocrx_word' id='word_1_209' title='bbox 445 1487 535 1541; x_wconf 78' lang='lat' dir='ltr'>pali</span> <span class='ocrx_word' id='word_1_210' title='bbox 557 1488 680 1527; x_wconf 88' lang='lat' dir='ltr'>modo</span> <span class='ocrx_word' id='word_1_211' title='bbox 703 1503 867 1543; x_wconf 85' lang='lat' dir='ltr'>quoque</span> <span class='ocrx_word' id='word_1_212' title='bbox 884 1489 1000 1528; x_wconf 80' lang='lat' dir='ltr'>vobis</span> <span class='ocrx_word' id='word_1_213' title='bbox 1021 1488 1135 1528; x_wconf 89' lang='lat' dir='ltr'>haud</span> <span class='ocrx_word' id='word_1_214' title='bbox 1156 1488 1254 1528; x_wconf 88' lang='grc'><strong>11061</strong></span> <span class='ocrx_word' id='word_1_215' title='bbox 1257 1493 1299 1528; x_wconf 91' lang='lat' dir='ltr'>et</span> <span class='ocrx_word' id='word_1_216' title='bbox 1314 1488 1438 1528; x_wconf 88' lang='lat' dir='ltr'>ullam</span> <span class='ocrx_word' id='word_1_217' title='bbox 1460 1504 1638 1542; x_wconf 80' lang='lat' dir='ltr'>poenam</span> 
     </span>
     <span class='ocr_line' id='line_1_25' title="bbox 120 1542 1638 1606; baseline 0.003 -25"><span class='ocrx_word' id='word_1_218' title='bbox 120 1542 313 1606; x_wconf 79' lang='lat' dir='ltr'>cuiquam</span> <span class='ocrx_word' id='word_1_219' title='bbox 334 1543 532 1597; x_wconf 76' lang='lat' dir='ltr'>iirogaie.</span> <span class='ocrx_word' id='word_1_220' title='bbox 597 1544 678 1584; x_wconf 89' lang='lat' dir='ltr'>Sed</span> <span class='ocrx_word' id='word_1_221' title='bbox 700 1544 797 1585; x_wconf 90' lang='lat' dir='ltr'>licet</span> <span class='ocrx_word' id='word_1_222' title='bbox 819 1545 896 1584; x_wconf 93' lang='lat' dir='ltr'>hoc</span> <span class='ocrx_word' id='word_1_223' title='bbox 913 1545 1041 1584; x_wconf 85' lang='lat' dir='ltr'>vobis.</span> <span class='ocrx_word' id='word_1_224' title='bbox 1105 1546 1221 1599; x_wconf 84' lang='lat' dir='ltr'>Ergo</span> <span class='ocrx_word' id='word_1_225' title='bbox 1243 1544 1372 1584; x_wconf 88' lang='lat' dir='ltr'>etiam</span> <span class='ocrx_word' id='word_1_226' title='bbox 1393 1559 1528 1598; x_wconf 88' lang='lat' dir='ltr'>poena</span> <span class='ocrx_word' id='word_1_227' title='bbox 1549 1560 1638 1586; x_wconf 88' lang='lat' dir='ltr'>car-</span> 
     </span>
     <span class='ocr_line' id='line_1_26' title="bbox 120 1598 1007 1653; baseline 0.002 -15"><span class='ocrx_word' id='word_1_228' title='bbox 120 1598 226 1639; x_wconf 87' lang='lat' dir='ltr'>ceris</span> <span class='ocrx_word' id='word_1_229' title='bbox 247 1598 289 1638; x_wconf 92' lang='lat' dir='ltr'>in</span> <span class='ocrx_word' id='word_1_230' title='bbox 310 1604 523 1653; x_wconf 79' lang='lat' dir='ltr'>potestate</span> <span class='ocrx_word' id='word_1_231' title='bbox 544 1605 683 1641; x_wconf 81' lang='lat' dir='ltr'>vestra</span> <span class='ocrx_word' id='word_1_232' title='bbox 704 1606 779 1641; x_wconf 89' lang='lat' dir='ltr'>est.</span> <span class='ocrx_word' id='word_1_233' title='bbox 813 1601 1007 1641; x_wconf 82' lang='lat' dir='ltr'>REISK.</span> 
     </span>
    </p>

    <p class='ocr_par' dir='ltr' id='par_1_7' title="bbox 119 1655 1637 1765">
     <span class='ocr_line' id='line_1_27' title="bbox 178 1655 1637 1711; baseline 0.003 -17"><span class='ocrx_word' id='word_1_234' title='bbox 178 1656 272 1706; x_wconf 85' lang='grc'><strong>746,</strong></span> <span class='ocrx_word' id='word_1_235' title='bbox 294 1669 325 1695; x_wconf 93' lang='lat'>1.</span> <span class='ocrx_word' id='word_1_236' title='bbox 349 1656 470 1710; x_wconf 83' lang='grc' dir='ltr'>ὅσων]</span> <span class='ocrx_word' id='word_1_237' title='bbox 494 1656 692 1697; x_wconf 82' lang='lat' dir='ltr'>Refertur</span> <span class='ocrx_word' id='word_1_238' title='bbox 719 1658 773 1698; x_wconf 84' lang='lat' dir='ltr'>ad</span> <span class='ocrx_word' id='word_1_239' title='bbox 794 1659 882 1708; x_wconf 83' lang='grc' dir='ltr'>περὶ</span> <span class='ocrx_word' id='word_1_240' title='bbox 906 1659 1062 1704; x_wconf 79' lang='grc' dir='ltr'>τούτων,</span> <span class='ocrx_word' id='word_1_241' title='bbox 1086 1657 1197 1711; x_wconf 90' lang='lat' dir='ltr'>quod</span> <span class='ocrx_word' id='word_1_242' title='bbox 1219 1655 1548 1697; x_wconf 86' lang='lat' dir='ltr'>subaudiendum</span> <span class='ocrx_word' id='word_1_243' title='bbox 1571 1663 1637 1699; x_wconf 86' lang='lat' dir='ltr'>est</span> 
     </span>
     <span class='ocr_line' id='line_1_28' title="bbox 119 1711 1438 1765; baseline 0.001 -14"><span class='ocrx_word' id='word_1_244' title='bbox 119 1711 175 1752; x_wconf 80' lang='lat' dir='ltr'>ad</span> <span class='ocrx_word' id='word_1_245' title='bbox 196 1712 414 1765; x_wconf 77' lang='lat' dir='ltr'>sequentia</span> <span class='ocrx_word' id='word_1_246' title='bbox 435 1713 759 1764; x_wconf 81' lang='grc' dir='ltr'>προσεγέγραπτο</span> <span class='ocrx_word' id='word_1_247' title='bbox 782 1713 830 1754; x_wconf 78' lang='grc' dir='ltr'>ἂν</span> <span class='ocrx_word' id='word_1_248' title='bbox 851 1715 893 1754; x_wconf 82' lang='grc' dir='ltr'>ἐν</span> <span class='ocrx_word' id='word_1_249' title='bbox 914 1718 993 1756; x_wconf 81' lang='grc' dir='ltr'>τοῖς</span> <span class='ocrx_word' id='word_1_250' title='bbox 1015 1714 1157 1763; x_wconf 84' lang='grc' dir='ltr'>νόμοις.</span> <span class='ocrx_word' id='word_1_251' title='bbox 1187 1713 1438 1754; x_wconf 79' lang='lat' dir='ltr'>SCHAEF.</span> 
     </span>
    </p>

    <p class='ocr_par' dir='ltr' id='par_1_8' title="bbox 117 1766 1637 2104">
     <span class='ocr_line' id='line_1_29' title="bbox 175 1766 1637 1823; baseline 0.003 -16"><span class='ocrx_word' id='word_1_252' title='bbox 175 1766 197 1818; x_wconf 82' lang='grc' dir='ltr'>ἢ</span> <span class='ocrx_word' id='word_1_253' title='bbox 231 1768 441 1823; x_wconf 80' lang='grc' dir='ltr'>ἀπαγωγὴ]</span> <span class='ocrx_word' id='word_1_254' title='bbox 474 1770 692 1810; x_wconf 77' lang='lat' dir='ltr'>Sententia</span> <span class='ocrx_word' id='word_1_255' title='bbox 727 1775 817 1810; x_wconf 78' lang='lat' dir='ltr'>est:</span> <span class='ocrx_word' id='word_1_256' title='bbox 852 1770 895 1810; x_wconf 88' lang='lat' dir='ltr'>Si</span> <span class='ocrx_word' id='word_1_257' title='bbox 926 1784 1023 1810; x_wconf 72' lang='lat' dir='ltr'>vera</span> <span class='ocrx_word' id='word_1_258' title='bbox 1055 1775 1207 1818; x_wconf 73' lang='lat' dir='ltr'>essent,</span> <span class='ocrx_word' id='word_1_259' title='bbox 1238 1784 1344 1823; x_wconf 88' lang='lat' dir='ltr'>quae</span> <span class='ocrx_word' id='word_1_260' title='bbox 1377 1769 1637 1812; x_wconf 79' lang='lat' dir='ltr'>Timocrates</span> 
     </span>
     <span class='ocr_line' id='line_1_30' title="bbox 118 1823 1636 1880; baseline 0.002 -16"><span class='ocrx_word' id='word_1_261' title='bbox 118 1824 191 1873; x_wconf 85' lang='lat' dir='ltr'>ait,</span> <span class='ocrx_word' id='word_1_262' title='bbox 215 1823 257 1864; x_wconf 92' lang='lat' dir='ltr'>in</span> <span class='ocrx_word' id='word_1_263' title='bbox 288 1824 448 1879; x_wconf 80' lang='lat' dir='ltr'>legibus</span> <span class='ocrx_word' id='word_1_264' title='bbox 480 1825 558 1865; x_wconf 92' lang='lat' dir='ltr'>illis</span> <span class='ocrx_word' id='word_1_265' title='bbox 588 1826 802 1880; x_wconf 86' lang='lat' dir='ltr'>adscripta</span> <span class='ocrx_word' id='word_1_266' title='bbox 834 1841 916 1866; x_wconf 87' lang='lat' dir='ltr'>non</span> <span class='ocrx_word' id='word_1_267' title='bbox 947 1832 1057 1866; x_wconf 84' lang='lat' dir='ltr'>esset</span> <span class='ocrx_word' id='word_1_268' title='bbox 1087 1826 1190 1866; x_wconf 89' lang='lat' dir='ltr'>haec</span> <span class='ocrx_word' id='word_1_269' title='bbox 1221 1826 1410 1875; x_wconf 65' lang='lat' dir='ltr'>formula,</span> <span class='ocrx_word' id='word_1_270' title='bbox 1434 1827 1501 1867; x_wconf 87' lang='grc' dir='ltr'>τὸν</span> <span class='ocrx_word' id='word_1_271' title='bbox 1523 1827 1554 1866; x_wconf 69' lang='grc' dir='ltr'>δ’</span> <span class='ocrx_word' id='word_1_272' title='bbox 1577 1829 1636 1867; x_wconf 86' lang='grc' dir='ltr'>ἐν-</span> 
     </span>
     <span class='ocr_line' id='line_1_31' title="bbox 119 1880 1637 1936; baseline 0.002 -16"><span class='ocrx_word' id='word_1_273' title='bbox 119 1880 323 1934; x_wconf 79' lang='grc' dir='ltr'>δειχθέντα</span> <span class='ocrx_word' id='word_1_274' title='bbox 341 1880 363 1930; x_wconf 75' lang='grc' dir='ltr'>ἦ</span> <span class='ocrx_word' id='word_1_275' title='bbox 388 1882 615 1934; x_wconf 76' lang='grc' dir='ltr'>ἀπαχθέντα</span> <span class='ocrx_word' id='word_1_276' title='bbox 636 1883 836 1932; x_wconf 85' lang='grc' dir='ltr'>δησάντων</span> <span class='ocrx_word' id='word_1_277' title='bbox 858 1884 895 1922; x_wconf 78' lang='grc' dir='ltr'>οἱ</span> <span class='ocrx_word' id='word_1_278' title='bbox 909 1882 1092 1931; x_wconf 73' lang='grc' dir='ltr'>”Ενὸεκα,</span> <span class='ocrx_word' id='word_1_279' title='bbox 1116 1896 1221 1936; x_wconf 76' lang='lat' dir='ltr'>quae</span> <span class='ocrx_word' id='word_1_280' title='bbox 1243 1883 1353 1936; x_wconf 77' lang='lat' dir='ltr'>leges</span> <span class='ocrx_word' id='word_1_281' title='bbox 1375 1887 1522 1923; x_wconf 75' lang='lat' dir='ltr'>contra</span> <span class='ocrx_word' id='word_1_282' title='bbox 1542 1897 1637 1924; x_wconf 75' lang='lat' dir='ltr'>reos</span> 
     </span>
     <span class='ocr_line' id='line_1_32' title="bbox 118 1938 1636 1992; baseline 0.003 -17"><span class='ocrx_word' id='word_1_283' title='bbox 118 1953 187 1986; x_wconf 90' lang='grc' dir='ltr'>την</span> <span class='ocrx_word' id='word_1_284' title='bbox 223 1938 386 1986; x_wconf 73' lang='grc' dir='ltr'>ἔνδειξιν</span> <span class='ocrx_word' id='word_1_285' title='bbox 420 1943 495 1978; x_wconf 87' lang='lat' dir='ltr'>aut</span> <span class='ocrx_word' id='word_1_286' title='bbox 527 1955 597 1987; x_wconf 84' lang='grc' dir='ltr'>την</span> <span class='ocrx_word' id='word_1_287' title='bbox 632 1939 683 1977; x_wconf 81' lang='grc' dir='ltr'>ἀπ</span> <span class='ocrx_word' id='word_1_288' title='bbox 673 1956 846 1990; x_wconf 85' lang='grc' dir='ltr'>αγωγην</span> <span class='ocrx_word' id='word_1_289' title='bbox 877 1938 1142 1992; x_wconf 82' lang='lat' dir='ltr'>pennittunt</span> <span class='ocrx_word' id='word_1_290' title='bbox 1180 1943 1281 1979; x_wconf 86' lang='lat' dir='ltr'>aut.</span> <span class='ocrx_word' id='word_1_291' title='bbox 1328 1953 1430 1992; x_wconf 87' lang='lat' dir='ltr'>quos</span> <span class='ocrx_word' id='word_1_292' title='bbox 1463 1939 1505 1978; x_wconf 92' lang='lat' dir='ltr'>in</span> <span class='ocrx_word' id='word_1_293' title='bbox 1541 1954 1636 1980; x_wconf 90' lang='lat' dir='ltr'>reos</span> 
     </span>
     <span class='ocr_line' id='line_1_33' title="bbox 117 1992 1633 2050; baseline 0.003 -18"><span class='ocrx_word' id='word_1_294' title='bbox 117 1992 326 2033; x_wconf 81' lang='lat' dir='ltr'>actionem</span> <span class='ocrx_word' id='word_1_295' title='bbox 363 2008 411 2032; x_wconf 82' lang='lat' dir='ltr'>ex</span> <span class='ocrx_word' id='word_1_296' title='bbox 447 1993 510 2033; x_wconf 90' lang='lat' dir='ltr'>his</span> <span class='ocrx_word' id='word_1_297' title='bbox 546 1994 656 2034; x_wconf 79' lang='lat' dir='ltr'>tituli</span> <span class='ocrx_word' id='word_1_298' title='bbox 662 2009 680 2033; x_wconf 91' lang='grc'>8</span> <span class='ocrx_word' id='word_1_299' title='bbox 714 1995 826 2048; x_wconf 88' lang='lat' dir='ltr'>leoes</span> <span class='ocrx_word' id='word_1_300' title='bbox 860 1995 974 2043; x_wconf 32' lang='lat' dir='ltr'>dhmt</span> <span class='ocrx_word' id='word_1_301' title='bbox 1004 2010 1087 2036; x_wconf 88' lang='lat' dir='ltr'>non</span> <span class='ocrx_word' id='word_1_302' title='bbox 1120 2000 1231 2035; x_wconf 87' lang='lat' dir='ltr'>esset</span> <span class='ocrx_word' id='word_1_303' title='bbox 1263 1995 1312 2034; x_wconf 85' lang='lat' dir='ltr'>iis</span> <span class='ocrx_word' id='word_1_304' title='bbox 1345 1995 1506 2050; x_wconf 86' lang='lat' dir='ltr'>legibus</span> <span class='ocrx_word' id='word_1_305' title='bbox 1536 1996 1633 2045; x_wconf 84' lang='lat' dir='ltr'>ista,</span> 
     </span>
     <span class='ocr_line' id='line_1_34' title="bbox 118 2049 1029 2104; baseline 0.003 -16"><span class='ocrx_word' id='word_1_306' title='bbox 118 2064 243 2102; x_wconf 89' lang='lat' dir='ltr'>quam</span> <span class='ocrx_word' id='word_1_307' title='bbox 264 2049 362 2097; x_wconf 78' lang='lat' dir='ltr'>dixi,</span> <span class='ocrx_word' id='word_1_308' title='bbox 384 2050 561 2090; x_wconf 86' lang='lat' dir='ltr'>formula</span> <span class='ocrx_word' id='word_1_309' title='bbox 579 2051 804 2104; x_wconf 87' lang='lat' dir='ltr'>adscripta.</span> <span class='ocrx_word' id='word_1_310' title='bbox 834 2051 1029 2092; x_wconf 60' lang='lat' dir='ltr'>REISIx.</span> 
     </span>
    </p>

    <p class='ocr_par' dir='ltr' id='par_1_9' title="bbox 176 2106 769 2159">
     <span class='ocr_line' id='line_1_35' title="bbox 176 2106 769 2159; baseline 0.007 -16"><span class='ocrx_word' id='word_1_311' title='bbox 176 2108 270 2156; x_wconf 84' lang='grc'><strong>746,</strong></span> <span class='ocrx_word' id='word_1_312' title='bbox 296 2117 332 2156; x_wconf 94' lang='lat'>7.</span> <span class='ocrx_word' id='word_1_313' title='bbox 354 2106 443 2159; x_wconf 83' lang='grc' dir='ltr'>ἤδη]</span> <span class='ocrx_word' id='word_1_314' title='bbox 469 2107 769 2156; x_wconf 67' lang='grc' dir='ltr'><strong>ὃηΙ)01)1-116118.</strong></span> 
     </span>
    </p>

    <p class='ocr_par' dir='ltr' id='par_1_10' title="bbox 119 2160 1634 2272">
     <span class='ocr_line' id='line_1_36' title="bbox 175 2160 1634 2218; baseline 0.003 -17"><span class='ocrx_word' id='word_1_315' title='bbox 175 2160 224 2202; x_wconf 82' lang='grc' dir='ltr'>ἂν</span> <span class='ocrx_word' id='word_1_316' title='bbox 253 2162 319 2215; x_wconf 86' lang='grc' dir='ltr'>ην]</span> <span class='ocrx_word' id='word_1_317' title='bbox 359 2162 402 2201; x_wconf 88' lang='lat' dir='ltr'>Si</span> <span class='ocrx_word' id='word_1_318' title='bbox 439 2163 595 2204; x_wconf 86' lang='lat' dir='ltr'>scilicet</span> <span class='ocrx_word' id='word_1_319' title='bbox 632 2163 882 2204; x_wconf 86' lang='lat' dir='ltr'>Timocratis</span> <span class='ocrx_word' id='word_1_320' title='bbox 911 2163 1206 2218; x_wconf 80' lang='lat' dir='ltr'>interpretatio</span> <span class='ocrx_word' id='word_1_321' title='bbox 1242 2164 1410 2205; x_wconf 81' lang='lat' dir='ltr'>valeret.</span> <span class='ocrx_word' id='word_1_322' title='bbox 1439 2164 1634 2205; x_wconf 82' lang='lat' dir='ltr'>REISK.</span> 
     </span>
     <span class='ocr_line' id='line_1_37' title="bbox 119 2218 1224 2272; baseline 0.003 -15"><span class='ocrx_word' id='word_1_323' title='bbox 119 2218 299 2272; x_wconf 87' lang='lat' dir='ltr'>Propius</span> <span class='ocrx_word' id='word_1_324' title='bbox 321 2219 544 2259; x_wconf 83' lang='lat' dir='ltr'>subaudire</span> <span class='ocrx_word' id='word_1_325' title='bbox 567 2222 600 2260; x_wconf 87' lang='grc' dir='ltr'>εἰ</span> <span class='ocrx_word' id='word_1_326' title='bbox 619 2221 670 2270; x_wconf 84' lang='grc' dir='ltr'>μὴ</span> <span class='ocrx_word' id='word_1_327' title='bbox 694 2222 782 2270; x_wconf 80' lang='grc' dir='ltr'>ἐξῆν</span> <span class='ocrx_word' id='word_1_328' title='bbox 804 2224 930 2270; x_wconf 82' lang='grc' dir='ltr'>δῆσαι.</span> <span class='ocrx_word' id='word_1_329' title='bbox 974 2219 1224 2261; x_wconf 74' lang='lat' dir='ltr'>SCHAEF.</span> 
     </span>
    </p>

    <p class='ocr_par' dir='ltr' id='par_1_11' title="bbox 115 2275 1634 2498">
     <span class='ocr_line' id='line_1_38' title="bbox 177 2275 1634 2331; baseline 0.002 -17"><span class='ocrx_word' id='word_1_330' title='bbox 177 2276 270 2328; x_wconf 87' lang='grc'><strong>746,</strong></span> <span class='ocrx_word' id='word_1_331' title='bbox 295 2275 331 2315; x_wconf 89' lang='grc'>8.</span> <span class='ocrx_word' id='word_1_332' title='bbox 357 2279 469 2316; x_wconf 83' lang='grc' dir='ltr'>τοῦτο</span> <span class='ocrx_word' id='word_1_333' title='bbox 505 2277 547 2315; x_wconf 83' lang='grc' dir='ltr'>τὸ</span> <span class='ocrx_word' id='word_1_334' title='bbox 580 2277 754 2330; x_wconf 81' lang='grc' dir='ltr'>γράμμα]</span> <span class='ocrx_word' id='word_1_335' title='bbox 784 2278 896 2317; x_wconf 73' lang='lat' dir='ltr'>Haec</span> <span class='ocrx_word' id='word_1_336' title='bbox 914 2277 1112 2330; x_wconf 73' lang='lat' dir='ltr'>formula.</span> <span class='ocrx_word' id='word_1_337' title='bbox 1175 2276 1242 2317; x_wconf 90' lang='lat' dir='ltr'>Sic</span> <span class='ocrx_word' id='word_1_338' title='bbox 1273 2276 1503 2331; x_wconf 82' lang='lat' dir='ltr'>intelligam</span> <span class='ocrx_word' id='word_1_339' title='bbox 1539 2277 1634 2318; x_wconf 80' lang='lat' dir='ltr'>Pla-</span> 
     </span>
     <span class='ocr_line' id='line_1_39' title="bbox 117 2331 1634 2387; baseline 0.001 -16"><span class='ocrx_word' id='word_1_340' title='bbox 117 2331 227 2371; x_wconf 88' lang='lat' dir='ltr'>tonis</span> <span class='ocrx_word' id='word_1_341' title='bbox 248 2334 296 2371; x_wconf 78' lang='grc' dir='ltr'>τὰ</span> <span class='ocrx_word' id='word_1_342' title='bbox 315 2332 483 2382; x_wconf 84' lang='grc' dir='ltr'>ἡμέτερα</span> <span class='ocrx_word' id='word_1_343' title='bbox 510 2333 716 2384; x_wconf 82' lang='grc' dir='ltr'>γράμματα</span> <span class='ocrx_word' id='word_1_344' title='bbox 738 2333 864 2386; x_wconf 81' lang='lat' dir='ltr'>Gorg.</span> <span class='ocrx_word' id='word_1_345' title='bbox 887 2348 926 2387; x_wconf 89' lang='lat' dir='ltr'>p.</span> <span class='ocrx_word' id='word_1_346' title='bbox 946 2334 1032 2384; x_wconf 84' lang='lat'>484</span> <span class='ocrx_word' id='word_1_347' title='bbox 1054 2333 1108 2371; x_wconf 87' lang='lat' dir='ltr'>A.</span> <span class='ocrx_word' id='word_1_348' title='bbox 1136 2332 1259 2380; x_wconf 69' lang='lat' dir='ltr'>HSt..</span> <span class='ocrx_word' id='word_1_349' title='bbox 1282 2347 1363 2372; x_wconf 89' lang='lat' dir='ltr'>non</span> <span class='ocrx_word' id='word_1_350' title='bbox 1385 2347 1479 2372; x_wconf 89' lang='lat' dir='ltr'>cum</span> <span class='ocrx_word' id='word_1_351' title='bbox 1501 2333 1634 2373; x_wconf 90' lang='lat' dir='ltr'>Hein-</span> 
     </span>
     <span class='ocr_line' id='line_1_40' title="bbox 117 2387 1632 2442; baseline 0.001 -15"><span class='ocrx_word' id='word_1_352' title='bbox 117 2387 250 2427; x_wconf 88' lang='lat' dir='ltr'>dorfio</span> <span class='ocrx_word' id='word_1_353' title='bbox 272 2387 439 2441; x_wconf 80' lang='lat' dir='ltr'>speciali</span> <span class='ocrx_word' id='word_1_354' title='bbox 462 2403 585 2428; x_wconf 84' lang='grc'><strong>8611811</strong></span> <span class='ocrx_word' id='word_1_355' title='bbox 608 2389 658 2428; x_wconf 84' lang='grc'>(16</span> <span class='ocrx_word' id='word_1_356' title='bbox 680 2388 987 2442; x_wconf 66' lang='lat' dir='ltr'>psephismatis.</span> <span class='ocrx_word' id='word_1_357' title='bbox 1011 2403 1250 2441; x_wconf 83' lang='lat' dir='ltr'>quanquam</span> <span class='ocrx_word' id='word_1_358' title='bbox 1282 2389 1396 2429; x_wconf 90' lang='lat' dir='ltr'>notio</span> <span class='ocrx_word' id='word_1_359' title='bbox 1418 2393 1485 2428; x_wconf 84' lang='grc' dir='ltr'>τοῦ</span> <span class='ocrx_word' id='word_1_360' title='bbox 1513 2390 1632 2440; x_wconf 84' lang='grc' dir='ltr'>γράμ-</span> 
     </span>
     <span class='ocr_line' id='line_1_41' title="bbox 115 2444 1343 2498; baseline 0 -14"><span class='ocrx_word' id='word_1_361' title='bbox 115 2461 235 2494; x_wconf 85' lang='grc' dir='ltr'>ματος</span> <span class='ocrx_word' id='word_1_362' title='bbox 255 2444 541 2498; x_wconf 85' lang='lat' dir='ltr'>psephismata</span> <span class='ocrx_word' id='word_1_363' title='bbox 564 2459 726 2498; x_wconf 83' lang='lat' dir='ltr'>quoque</span> <span class='ocrx_word' id='word_1_364' title='bbox 746 2444 1049 2498; x_wconf 83' lang='lat' dir='ltr'>complectitur.</span> <span class='ocrx_word' id='word_1_365' title='bbox 1092 2444 1343 2485; x_wconf 80' lang='lat' dir='ltr'>SCHAEF.</span> 
     </span>
    </p>

    <p class='ocr_par' dir='ltr' id='par_1_12' title="bbox 115 2499 1632 3003">
     <span class='ocr_line' id='line_1_42' title="bbox 177 2499 1631 2554; baseline 0.002 -15"><span class='ocrx_word' id='word_1_366' title='bbox 177 2499 567 2553; x_wconf 71' lang='lat' dir='ltr'>746,19.‘OPK02</span> <span class='ocrx_word' id='word_1_367' title='bbox 597 2499 918 2554; x_wconf 65' lang='grc' dir='ltr'>ῚΙΛΙΑΣΤΩΝ]</span> <span class='ocrx_word' id='word_1_368' title='bbox 950 2501 1003 2540; x_wconf 72' lang='lat' dir='ltr'>V.</span> <span class='ocrx_word' id='word_1_369' title='bbox 1029 2501 1243 2541; x_wconf 82' lang='lat' dir='ltr'>Matthiae</span> <span class='ocrx_word' id='word_1_370' title='bbox 1276 2500 1451 2540; x_wconf 85' lang='lat' dir='ltr'>Miscell.</span> <span class='ocrx_word' id='word_1_371' title='bbox 1481 2500 1631 2542; x_wconf 90' lang='lat' dir='ltr'>Philol.</span> 
     </span>
     <span class='ocr_line' id='line_1_43' title="bbox 117 2557 1629 2610; baseline 0.001 -14"><span class='ocrx_word' id='word_1_372' title='bbox 117 2557 193 2596; x_wconf 92' lang='lat' dir='ltr'>vol.</span> <span class='ocrx_word' id='word_1_373' title='bbox 214 2570 243 2596; x_wconf 87' lang='grc' dir='ltr'>ι.</span> <span class='ocrx_word' id='word_1_374' title='bbox 261 2571 298 2609; x_wconf 87' lang='lat' dir='ltr'>p.</span> <span class='ocrx_word' id='word_1_375' title='bbox 320 2566 413 2610; x_wconf 83' lang='lat'>255.</span> <span class='ocrx_word' id='word_1_376' title='bbox 435 2561 477 2596; x_wconf 89' lang='lat' dir='ltr'>et</span> <span class='ocrx_word' id='word_1_377' title='bbox 496 2557 807 2596; x_wconf 84' lang='lat' dir='ltr'>Schoemannus</span> <span class='ocrx_word' id='word_1_378' title='bbox 830 2557 880 2597; x_wconf 89' lang='lat' dir='ltr'>de</span> <span class='ocrx_word' id='word_1_379' title='bbox 905 2557 998 2597; x_wconf 86' lang='lat' dir='ltr'>Lite</span> <span class='ocrx_word' id='word_1_380' title='bbox 1015 2557 1163 2597; x_wconf 84' lang='lat' dir='ltr'>Attica</span> <span class='ocrx_word' id='word_1_381' title='bbox 1186 2572 1225 2610; x_wconf 88' lang='lat' dir='ltr'>p.</span> <span class='ocrx_word' id='word_1_382' title='bbox 1249 2569 1337 2610; x_wconf 79' lang='lat'>129.</span> <span class='ocrx_word' id='word_1_383' title='bbox 1371 2558 1629 2598; x_wconf 88' lang='lat' dir='ltr'>SCHAEF.</span> 
     </span>
     <span class='ocr_line' id='line_1_44' title="bbox 119 2612 1632 2666; baseline 0.001 -14"><span class='ocrx_word' id='word_1_384' title='bbox 119 2612 162 2652; x_wconf 91' lang='lat' dir='ltr'>Si</span> <span class='ocrx_word' id='word_1_385' title='bbox 191 2627 213 2653; x_wconf 94' lang='lat' dir='ltr'>e</span> <span class='ocrx_word' id='word_1_386' title='bbox 241 2612 365 2653; x_wconf 90' lang='lat' dir='ltr'>titulo</span> <span class='ocrx_word' id='word_1_387' title='bbox 391 2612 565 2665; x_wconf 81' lang='lat' dir='ltr'>judices,</span> <span class='ocrx_word' id='word_1_388' title='bbox 590 2613 885 2666; x_wconf 86' lang='lat' dir='ltr'>jusjurandum</span> <span class='ocrx_word' id='word_1_389' title='bbox 916 2614 994 2652; x_wconf 90' lang='lat' dir='ltr'>hoc</span> <span class='ocrx_word' id='word_1_390' title='bbox 1025 2627 1114 2653; x_wconf 82' lang='lat' dir='ltr'>esse</span> <span class='ocrx_word' id='word_1_391' title='bbox 1136 2613 1301 2653; x_wconf 82' lang='lat' dir='ltr'>videtur</span> <span class='ocrx_word' id='word_1_392' title='bbox 1328 2612 1489 2653; x_wconf 89' lang='lat' dir='ltr'>nonnisi</span> <span class='ocrx_word' id='word_1_393' title='bbox 1516 2613 1632 2654; x_wconf 90' lang='lat' dir='ltr'>Heli-</span> 
     </span>
     <span class='ocr_line' id='line_1_45' title="bbox 116 2669 1630 2723; baseline 0.001 -15"><span class='ocrx_word' id='word_1_394' title='bbox 116 2674 317 2717; x_wconf 70' lang='lat' dir='ltr'>astarum,</span> <span class='ocrx_word' id='word_1_395' title='bbox 339 2673 481 2709; x_wconf 86' lang='lat' dir='ltr'>tamen</span> <span class='ocrx_word' id='word_1_396' title='bbox 506 2684 648 2709; x_wconf 88' lang='lat' dir='ltr'>omues</span> <span class='ocrx_word' id='word_1_397' title='bbox 679 2669 748 2709; x_wconf 92' lang='grc'><strong>1110</strong></span> <span class='ocrx_word' id='word_1_398' title='bbox 775 2670 935 2723; x_wconf 87' lang='lat' dir='ltr'>judices</span> <span class='ocrx_word' id='word_1_399' title='bbox 960 2669 1084 2709; x_wconf 80' lang='lat' dir='ltr'>fuisse</span> <span class='ocrx_word' id='word_1_400' title='bbox 1111 2669 1335 2709; x_wconf 83' lang='lat' dir='ltr'>obstrictos</span> <span class='ocrx_word' id='word_1_401' title='bbox 1361 2684 1412 2709; x_wconf 83' lang='lat' dir='ltr'>ex</span> <span class='ocrx_word' id='word_1_402' title='bbox 1437 2684 1485 2710; x_wconf 88' lang='lat' dir='ltr'>eo</span> <span class='ocrx_word' id='word_1_403' title='bbox 1510 2669 1630 2710; x_wconf 88' lang='lat' dir='ltr'>intel-</span> 
     </span>
     <span class='ocr_line' id='line_1_46' title="bbox 115 2725 1630 2780; baseline 0 -15"><span class='ocrx_word' id='word_1_404' title='bbox 115 2725 327 2780; x_wconf 80' lang='lat' dir='ltr'>ligendum</span> <span class='ocrx_word' id='word_1_405' title='bbox 349 2730 424 2773; x_wconf 77' lang='lat' dir='ltr'>est,</span> <span class='ocrx_word' id='word_1_406' title='bbox 439 2725 550 2779; x_wconf 86' lang='lat' dir='ltr'>quod</span> <span class='ocrx_word' id='word_1_407' title='bbox 568 2725 797 2765; x_wconf 80' lang='lat' dir='ltr'>Aeschines</span> <span class='ocrx_word' id='word_1_408' title='bbox 817 2740 850 2765; x_wconf 95' lang='grc'>0.</span> <span class='ocrx_word' id='word_1_409' title='bbox 874 2725 1057 2779; x_wconf 87' lang='lat' dir='ltr'>Ctesiph.</span> <span class='ocrx_word' id='word_1_410' title='bbox 1078 2740 1116 2778; x_wconf 89' lang='lat' dir='ltr'>p.</span> <span class='ocrx_word' id='word_1_411' title='bbox 1141 2726 1237 2779; x_wconf 53' lang='lat'>381).</span> <span class='ocrx_word' id='word_1_412' title='bbox 1257 2725 1444 2777; x_wconf 87' lang='lat' dir='ltr'>ejusdem</span> <span class='ocrx_word' id='word_1_413' title='bbox 1464 2725 1630 2766; x_wconf 90' lang='lat' dir='ltr'>initium</span> 
     </span>
     <span class='ocr_line' id='line_1_47' title="bbox 116 2781 1630 2836; baseline 0.001 -15"><span class='ocrx_word' id='word_1_414' title='bbox 116 2796 339 2836; x_wconf 70' lang='lat' dir='ltr'>exponens.</span> <span class='ocrx_word' id='word_1_415' title='bbox 372 2782 450 2822; x_wconf 90' lang='lat' dir='ltr'>hoc</span> <span class='ocrx_word' id='word_1_416' title='bbox 477 2782 769 2835; x_wconf 77' lang='lat' dir='ltr'>jusjurandum</span> <span class='ocrx_word' id='word_1_417' title='bbox 801 2783 916 2832; x_wconf 85' lang='grc' dir='ltr'>ὅρκον</span> <span class='ocrx_word' id='word_1_418' title='bbox 947 2786 1021 2820; x_wconf 84' lang='grc' dir='ltr'>τῶν</span> <span class='ocrx_word' id='word_1_419' title='bbox 1053 2785 1244 2821; x_wconf 80' lang='grc' dir='ltr'>δικαστῶν</span> <span class='ocrx_word' id='word_1_420' title='bbox 1272 2781 1385 2829; x_wconf 81' lang='lat' dir='ltr'>dicit⁷</span> <span class='ocrx_word' id='word_1_421' title='bbox 1414 2796 1462 2821; x_wconf 84' lang='lat' dir='ltr'>ac</span> <span class='ocrx_word' id='word_1_422' title='bbox 1496 2781 1630 2836; x_wconf 84' lang='lat' dir='ltr'>magis</span> 
     </span>
     <span class='ocr_line' id='line_1_48' title="bbox 117 2836 1629 2891; baseline -0.001 -13"><span class='ocrx_word' id='word_1_423' title='bbox 117 2838 245 2878; x_wconf 89' lang='lat' dir='ltr'>etiam</span> <span class='ocrx_word' id='word_1_424' title='bbox 262 2852 284 2877; x_wconf 88' lang='lat' dir='ltr'>e</span> <span class='ocrx_word' id='word_1_425' title='bbox 307 2838 450 2886; x_wconf 76' lang='lat' dir='ltr'>Suida,</span> <span class='ocrx_word' id='word_1_426' title='bbox 469 2838 585 2891; x_wconf 87' lang='lat' dir='ltr'>cujus</span> <span class='ocrx_word' id='word_1_427' title='bbox 607 2839 733 2878; x_wconf 81' lang='lat' dir='ltr'>verba-</span> <span class='ocrx_word' id='word_1_428' title='bbox 755 2843 876 2877; x_wconf 85' lang='lat' dir='ltr'>sunt:</span> <span class='ocrx_word' id='word_1_429' title='bbox 903 2836 1117 2888; x_wconf 62' lang='grc' dir='ltr'>Ἀρὸηττος</span> <span class='ocrx_word' id='word_1_430' title='bbox 1137 2838 1254 2878; x_wconf 82' lang='grc' dir='ltr'>τόπος</span> <span class='ocrx_word' id='word_1_431' title='bbox 1277 2838 1397 2882; x_wconf 80' lang='grc' dir='ltr'>ἐστὶν,</span> <span class='ocrx_word' id='word_1_432' title='bbox 1421 2838 1464 2877; x_wconf 82' lang='grc' dir='ltr'>ἐν</span> <span class='ocrx_word' id='word_1_433' title='bbox 1483 2836 1512 2891; x_wconf 75' lang='grc' dir='ltr'>ᾧ</span> <span class='ocrx_word' id='word_1_434' title='bbox 1533 2838 1629 2877; x_wconf 85' lang='grc' dir='ltr'>πάν-</span> 
     </span>
     <span class='ocr_line' id='line_1_49' title="bbox 116 2893 1627 2947; baseline 0 -14"><span class='ocrx_word' id='word_1_435' title='bbox 116 2911 178 2936; x_wconf 85' lang='grc' dir='ltr'>τες</span> <span class='ocrx_word' id='word_1_436' title='bbox 196 2894 398 2944; x_wconf 85' lang='grc' dir='ltr'>Ἀθηναῖοι</span> <span class='ocrx_word' id='word_1_437' title='bbox 421 2895 597 2946; x_wconf 85' lang='lat' dir='ltr'>(scilicet</span> <span class='ocrx_word' id='word_1_438' title='bbox 619 2909 772 2941; x_wconf 70' lang='lat' dir='ltr'>omnes.</span> <span class='ocrx_word' id='word_1_439' title='bbox 797 2893 865 2947; x_wconf 90' lang='lat' dir='ltr'>qui</span> <span class='ocrx_word' id='word_1_440' title='bbox 894 2894 947 2934; x_wconf 85' lang='lat' dir='ltr'>ad</span> <span class='ocrx_word' id='word_1_441' title='bbox 978 2907 1128 2932; x_wconf 89' lang='lat' dir='ltr'>munus</span> <span class='ocrx_word' id='word_1_442' title='bbox 1159 2896 1349 2933; x_wconf 81' lang='grc' dir='ltr'>δικαστῶν</span> <span class='ocrx_word' id='word_1_443' title='bbox 1370 2898 1483 2933; x_wconf 87' lang='lat' dir='ltr'>sorte</span> <span class='ocrx_word' id='word_1_444' title='bbox 1507 2893 1627 2934; x_wconf 88' lang='lat' dir='ltr'>electi</span> 
     </span>
     <span class='ocr_line' id='line_1_50' title="bbox 116 2948 1627 3003; baseline -0.001 -12"><span class='ocrx_word' id='word_1_445' title='bbox 116 2952 257 3002; x_wconf 82' lang='lat' dir='ltr'>erant)</span> <span class='ocrx_word' id='word_1_446' title='bbox 286 2951 440 3001; x_wconf 85' lang='grc' dir='ltr'>ὤμνυον</span> <span class='ocrx_word' id='word_1_447' title='bbox 465 2953 534 2991; x_wconf 82' lang='grc' dir='ltr'>τὸν</span> <span class='ocrx_word' id='word_1_448' title='bbox 563 2951 679 3002; x_wconf 79' lang='grc' dir='ltr'>ὅρκον</span> <span class='ocrx_word' id='word_1_449' title='bbox 705 2951 773 2991; x_wconf 86' lang='grc' dir='ltr'>τὸν</span> <span class='ocrx_word' id='word_1_450' title='bbox 800 2951 1040 3000; x_wconf 83' lang='grc' dir='ltr'>ἡλιαστικόν.</span> <span class='ocrx_word' id='word_1_451' title='bbox 1105 2949 1186 2989; x_wconf 83' lang='lat' dir='ltr'>Sed</span> <span class='ocrx_word' id='word_1_452' title='bbox 1219 2948 1317 2989; x_wconf 82' lang='lat' dir='ltr'>alibi</span> <span class='ocrx_word' id='word_1_453' title='bbox 1347 2963 1509 3003; x_wconf 87' lang='lat' dir='ltr'>quoque</span> <span class='ocrx_word' id='word_1_454' title='bbox 1542 2950 1627 2990; x_wconf 85' lang='lat' dir='ltr'>He-</span> 
     </span>
    </p>
   </div>
  </div>
 </body>
</html>
