1997 3256
717 167 777 207 IN
812 168 1062 208 MlDlAM.
1564 169 1646 212 763

188 282 284 326 520,
312 284 374 322 19.
405 271 598 322 φράττων,
626 272 855 327 προσηλῶν]
882 273 1115 326 Ulpianus:
1149 273 1376 320 Τουτέστιν,
1410 274 1642 326 ἀποφράτ-

131 344 218 367 των
243 329 310 369 τὰς
338 327 400 366 ἐπὶ
424 330 490 376 τῆς
511 331 655 377 σκηνῆς
683 330 868 374 εἰσόδους,
892 330 955 369 ἵνα
977 331 996 369 ὁ
1024 330 1141 382 χορὸς
1170 330 1428 381 ἀναγκάζηται
1455 330 1645 381 περιιέναι

132 385 194 422 διὰ
230 386 294 432 τῆς
327 383 469 432 ἔξωθεν
504 384 668 429 εἰσόδου,
708 385 768 424 καὶ
804 387 914 431 οὕτω,
947 387 1210 436 βραδύνοντος
1247 387 1408 431 ἐκείνου,
1447 387 1646 436 συμβαίνῃ

132 441 425 490 καταγελᾶσθαι
455 439 524 478 τὸν
547 440 818 490 Δημοσθένην.
851 441 894 480 τὸ
925 442 967 479 δὲ
997 445 1255 492 προσηλῶν,
1286 442 1372 482 τοὺς
1402 441 1520 490 ἥλους
1549 443 1646 481 ἐντι-

131 495 223 540 θεὶς,
259 495 323 533 ἵνα
355 495 546 545 ἀσφαλῶς
582 497 620 534 αἱ
656 497 766 547 θύραι
803 498 1063 536 ἐκκλείωνται.
1127 496 1376 549 Spaldingus
1409 496 1644 545 dubitabat,

131 564 273 589 vocem
309 551 474 599 δημόσια
509 551 563 590 ad
598 551 845 601 παρασκήνια
877 553 1063 597 referret,
1098 567 1151 591 an
1188 553 1359 591 seorsim
1396 552 1646 606 intelligeret

132 605 313 644 “locum
354 605 602 658 publicu111.”
664 607 946 646 Posteriorem
984 607 1189 646 rationem
1229 607 1445 660 amplexus
1485 614 1550 647 est
1591 609 1644 648 A.

133 660 329 700 Meineke
360 661 400 700 in
432 661 569 702 libello
602 662 902 702 Commentatt.
934 662 1049 702 misc.
1085 663 1244 702 Fascic.
1273 677 1305 702 1.
1338 678 1378 717 p.
1401 675 1484 716 45„
1514 664 1645 716 publi-

130 731 224 756 011111
254 717 361 756 1111110
394 716 529 756 10011111
557 718 608 757 de
636 718 804 757 theatro
832 718 1078 771 intelligens.
1142 718 1261 764 Mihi,
1288 719 1534 772 parascenia
1563 734 1645 759 non

130 787 247 812 secus
275 778 404 825 atque
435 772 522 825 ipse
553 773 748 813 Meineke
776 773 914 826 spatia
946 778 988 813 et
1017 773 1230 814 conclavia
1257 775 1381 827 juxta
1409 789 1575 814 scenam
1603 775 1643 814 in

129 843 302 881 eamque
330 828 520 881 patentia
547 828 780 882 significare
809 829 1006 877 censenti,
1029 830 1132 869 haec
1160 844 1225 869 res
1254 830 1344 883 ipsa
1370 835 1497 884 atque
1524 835 1645 871 natu-

129 883 226 924 ralis
263 885 483 923 verborum
520 889 561 924 et
598 885 657 924 vis
694 889 737 924 et
772 885 932 938 positus
967 884 1150 938 priorem
1188 886 1403 939 Spaldingi
1440 886 1645 926 rationem

128 940 411 992 persuadent3
456 939 517 980 ita
552 944 599 980 ut
639 941 833 990 φράττων,
870 945 1082 991 προσηλῶν
1121 956 1196 995 per
1231 943 1462 996 asyndeton
1498 943 1646 996 juncta

128 995 459 1049 indignationem
490 995 739 1048 exprimant,
770 996 840 1036 illa
867 1000 1010 1036 autem
1040 999 1188 1046 ἰδιώτης
1217 997 1271 1037 ὢν
1298 1001 1345 1038 τὰ
1376 1000 1553 1048 δημόσια,
1585 1014 1645 1039 se-

128 1050 255 1090 orsim
290 1051 471 1104 adjecta,
504 1052 558 1092 ad
594 1051 770 1091 Midiam
808 1067 904 1092 vero
941 1057 983 1092 et
1015 1055 1063 1093 τὰ
1095 1053 1342 1103 παρασκήνια
1378 1054 1642 1108 pertinentia,

127 1107 301 1147 eandem
330 1107 659 1161 indignationem
687 1108 863 1148 multum
892 1113 1089 1162 augeant.
1152 1110 1219 1149 Ita
1240 1114 1383 1149 autem
1408 1125 1531 1151 scena
1551 1125 1643 1151 cum

127 1163 343 1203 orchestra
366 1163 663 1204 occludebatur
683 1164 809 1203 choro
830 1164 870 1203 111
894 1165 1145 1217 paraseeniis
1168 1165 1356 1220 degenti,
1382 1167 1492 1220 quod
1513 1168 1645 1221 inagis

127 1219 345 1273 perspicue
367 1219 541 1259 indicari
565 1234 647 1259 non
668 1220 820 1273 potuit.
852 1221 1078 1261 BUTTM.

184 1288 281 1327 521,
305 1278 345 1315 6.
384 1277 588 1330 πονηρίας]
629 1278 821 1327 πονηρίαι,
853 1277 1062 1329 facinora,
1100 1292 1182 1331 quo
1216 1292 1337 1318 sensu
1374 1293 1457 1318 non
1492 1279 1645 1319 mirum

127 1331 329 1385 pluralem
356 1332 560 1386 usurpari.
622 1332 817 1373 Recurrit
848 1348 888 1386 p.
917 1345 1012 1386 522,
1041 1346 1104 1374 12.
1139 1334 1391 1375 SOHAEF.
1454 1335 1574 1385 Quod
1603 1335 1645 1374 in

128 1401 210 1426 11110
241 1387 381 1427 codice
414 1388 616 1441 scriptum
648 1394 712 1428 est
742 1390 1021 1440 παμπονηρίας,
1051 1390 1296 1429 vocabulum
1329 1405 1534 1444 nusquam
1565 1391 1645 1432 lec-

127 1448 229 1491 tum,
252 1458 370 1483 error
391 1449 454 1484 est
474 1444 632 1484 librarii
655 1444 709 1484 ad
730 1444 966 1497 proximum
987 1449 1233 1495 παμπληθεῖς
1254 1447 1501 1486 aberrantis.

182 1511 280 1552 521,
308 1513 370 1539 10.
401 1499 718 1553 καταδείσαντες]
748 1500 863 1541 Citat
891 1500 931 1539 h.
954 1501 980 1541 1.
1013 1506 1060 1541 ut
1087 1502 1322 1555 exemplum
1350 1505 1418 1542 τοῦ
1445 1520 1645 1554 καταμερι-

127 1559 226 1605 σμοῦ
248 1555 374 1595 schol.
398 1555 573 1596 Homeri
597 1556 715 1596 lliad.
739 1573 771 1603 ο,
795 1558 892 1607 496.
926 1557 1177 1598 SCHAEF.

183 1623 279 1665 521,
312 1624 371 1664 15.
402 1611 646 1665 λυσιτελεῖν]
676 1612 796 1663 Quod
825 1613 980 1653 Midias
1012 1613 1304 1666 impunitatem
1335 1614 1512 1667 pecunia
1541 1630 1645 1655 mer-

127 1672 308 1714 caretur,
361 1683 466 1721 quae
517 1668 662 1708 statim
713 1668 868 1709 dicitur
916 1670 938 1719 ἡ
988 1671 1083 1720 ὑπὲρ
1133 1673 1209 1709 τῶν
1258 1670 1500 1711 πεισθέντων
1547 1673 1642 1721 δίκη.

128 1723 379 1764 SCHAEF.

182 1791 279 1833 521,
305 1792 370 1820 20.
395 1780 770 1834 ἐξελέγξω-ἄξιον]
794 1780 910 1821 Oitat
932 1781 1065 1821 Rufus
1086 1796 1123 1835 p.
1151 1792 1215 1834 79.
1251 1783 1513 1822 SCHAEF.

182 1848 279 1885 421,
301 1848 364 1885 24.
383 1840 546 1876 πολλῶν
568 1836 761 1890 θανάτων]
781 1836 847 1876 Sic
870 1853 908 1891 p.
928 1848 1022 1891 345,
1045 1849 1109 1891 25.
1133 1842 1296 1878 πολλῶν
1318 1839 1444 1888 ἀξίους
1466 1839 1643 1881 θανάτων

125 1893 269 1943 λόγους
307 1893 546 1943 ἐδημηγόρει.
609 1891 705 1932 Hac
742 1893 967 1946 hyperbole
1007 1893 1151 1933 comici
1187 1893 1395 1934 interdum
1432 1895 1494 1935 usi
1531 1901 1642 1937 sunt.

126 1947 260 1987 Arist.
285 1948 346 1987 Pl.
371 1950 453 2000 483
479 1949 533 1987 A.
566 1948 717 1990 ἱκανοὺς
740 1950 905 1999 νομίζεις
931 1952 1025 1999 δῆτα
1053 1949 1243 1992 θανάτους
1272 1952 1421 1997 εἵκοσι;
1458 1951 1504 1991 Β.
1527 1954 1643 2003 ταύτῃ

125 2018 183 2055 γε·
218 2007 293 2058 νῷν
319 2006 359 2043 δὲ
382 2003 435 2043 δύ’
460 2003 755 2055 ἀποχρήσουσιν
779 2006 898 2054 μόνω.

182 2071 279 2111 521,
305 2061 370 2100 26.
406 2060 691 2112 ΜΑΡΤΎΡΙΑ]
731 2060 987 2101 Testimonia
1019 2061 1199 2102 orationi
1237 2061 1452 2103 Midianae
1484 2063 1642 2105 inserta

125 2115 225 2169 quin
253 2116 307 2155 ad
335 2130 462 2154 unum
494 2115 632 2155 omnia
662 2116 763 2156 ficta
791 2117 874 2157 sint
903 2117 1086 2158 dubitari
1114 2132 1284 2172 prorsus
1315 2119 1473 2172 nequit.
1536 2120 1644 2160 Nam

124 2171 304 2225 primum
329 2171 509 2211 Athenis
535 2171 660 2211 fuisse
685 2173 952 2221 tabularium,
975 2173 1016 2213 in
1039 2188 1120 2227 quo
1144 2173 1397 2228 judiciorum
1425 2180 1522 2216 acta
1550 2191 1643 2216 con-

124 2228 327 2268 derentur
358 2228 536 2281 integra,
563 2242 645 2266 non
677 2243 783 2268 unus
816 2234 881 2270 est
912 2229 982 2283 qui
1010 2231 1162 2283 probet
1195 2230 1307 2270 locus
1339 2232 1451 2285 apud
1482 2237 1644 2273 veteres

124 2283 360 2337 scriptores.
423 2284 557 2337 Atqui
586 2284 840 2324 tabularium
867 2286 900 2325 si
927 2300 1009 2325 non
1038 2291 1142 2334 erat,
1174 2286 1364 2339 sequitur
1388 2293 1436 2328 ut
1464 2287 1546 2328 ista
1574 2290 1643 2344 qui

123 2340 255 2380 multo
277 2345 372 2393 post
393 2340 637 2392 adjecerunt
658 2355 740 2379 non
762 2341 987 2382 habuerint
1008 2342 1118 2381 unde
1140 2342 1445 2395 depromerent.
1493 2344 1575 2384 Sed
1597 2350 1644 2386 ut

123 2395 263 2443 fuerit,
299 2395 389 2450 quis
426 2400 489 2435 est
525 2395 594 2448 qui
632 2397 790 2445 credat,
829 2412 877 2437 eo
912 2398 1050 2438 adhuc
1088 2403 1287 2452 tempore,
1324 2414 1405 2452 quo
1442 2400 1524 2440 ista
1558 2401 1644 2442 litis

123 2451 498 2491 instrumentorum
519 2452 702 2491 accessio
724 2453 836 2493 facta
857 2458 934 2501 est,
958 2454 1212 2494 tabularium
1236 2455 1415 2494 Athenis
1438 2455 1643 2497 intactum

123 2513 250 2560 atque
272 2507 480 2561 integrum
503 2508 767 2560 superfuisse,
787 2509 1178 2564 pulverulentosque
1201 2510 1288 2563 ejus
1309 2515 1353 2551 et
1374 2512 1643 2553 absconditos

123 2563 297 2616 angulos
318 2578 343 2603 a
363 2563 649 2617 grammaticis
672 2563 757 2603 sive
786 2565 1025 2605 rhetoribus
1055 2580 1280 2619 eorumque
1302 2567 1514 2621 discipulis
1542 2569 1643 2610 data

123 2634 252 2673 opera
279 2619 565 2673 investigatOS,
596 2626 877 2673 perreptatos,
907 2636 1101 2661 excussos
1132 2636 1220 2661 esse
1238 2624 1250 2662 ’ἔ
1281 2624 1343 2662 At
1374 2623 1436 2663 his
1467 2626 1643 2678 argutiis

123 2675 164 2714 in
201 2681 346 2715 nostra
378 2689 423 2714 re
459 2690 630 2729 prorsus
663 2676 763 2715 nihil
797 2691 900 2730 opus
933 2682 1011 2726 est,
1043 2677 1239 2731 quoniam
1273 2679 1466 2720 Midiana
1495 2695 1643 2722 caussa

123 2731 319 2771 inchoata
347 2731 512 2784 quidem
543 2738 607 2771 est
637 2738 678 2772 et
706 2747 731 2772 a
762 2732 1045 2773 Demosthene
1075 2734 1129 2774 ad
1160 2734 1454 2788 magistratum
1486 2736 1641 2786 delata,

123 2788 195 2826 sed
218 2802 429 2840 nunquam
457 2802 602 2827 revera
628 2787 668 2827 in
693 2788 894 2841 judiciuin
923 2789 1118 2837 adducta,
1142 2795 1350 2843 perorata,
1369 2792 1572 2845 judicata,
1594 2800 1642 2835 ut

124 2843 224 2882 nihil
254 2849 364 2883 esset
392 2844 503 2897 quod
532 2843 574 2882 in
601 2844 865 2893 tabularium,
889 2846 922 2885 si
953 2846 1064 2898 quod
1093 2850 1196 2894 erat,
1219 2847 1363 2887 referri
1392 2849 1641 2904 recondique

123 2903 278 2953 posset.
339 2899 405 2938 Ex
439 2914 519 2953 quo
556 2906 746 2954 apparet,
779 2901 1019 2942 testimonia
1050 2901 1118 2942 illa
1155 2903 1294 2943 onmia
1323 2904 1376 2943 ab
1408 2904 1642 2947 hominibus

124 2955 230 2995 male
252 2955 416 3004 sedulis,
440 2955 576 2995 nescio
608 2957 921 2998 exercitationis
951 2972 1005 2997 an
1028 2958 1107 2997 fuci
1131 2958 1307 2999 faciendi
1331 2974 1490 3009 caussa,
1515 2977 1641 3015 quan-
