1997 3256
487 148 814 190 ADVERSUS
848 149 1267 191 TIMOORATEM.
1551 153 1630 195 981

177 264 270 308 713,
293 264 332 307 5.
356 255 594 308 μισθώσιμα]
625 255 709 295 Alii
732 256 825 296 libri
846 258 1087 307 μισθώματα.
1127 256 1209 296 Sed
1231 256 1386 296 rectius
1408 261 1472 296 est
1492 258 1635 306 μισθώ-

117 325 225 360 σιμα.
289 310 508 351 Caeterum
539 312 680 364 quaeri
718 327 743 352 a
772 313 975 352 nonnullis
1005 313 1122 352 video
1155 313 1321 365 quinam
1353 312 1436 352 sint
1468 315 1515 352 τὰ
1543 313 1634 363 τέλη

117 365 554 418 ὠνούμειοι-ἐκλέγοι
557 371 954 418 τες-μισθούμενῑοι
988 383 1154 422 neque.
1143 383 1167 408 ιι
1191 368 1373 416 Βιιάιιοο,
1397 368 1465 423 qui
1493 369 1570 409 hoc
1592 369 1634 408 in

116 435 160 460 se
186 422 355 475 recepit,
379 422 420 461 id
449 424 682 477 argumenti
712 424 814 464 satis
843 425 1050 477 praestaii
1078 425 1209 464 video.
1274 424 1432 479 Agitur
1461 425 1512 464 de
1533 426 1635 479 pub-

115 476 271 517 licanis.
336 479 477 519 Omnes
509 479 616 519 enim
651 482 716 530 (ut
747 480 807 520 ait
832 480 1039 533 Ulpianus
1069 481 1094 519 l.
1130 494 1139 519 1
1168 480 1223 519 D.
1259 481 1309 520 de
1340 480 1498 520 Public.
1506 482 1536 530 ),
1566 482 1636 534 qui

115 533 216 587 quid
243 548 268 574 α
287 535 384 586 fisco
416 535 644 583 ι’,οηιῖιισιιιιΐ
677 543 774 575 νοοῖ(
809 536 1064 590 (([ηιεῖίαιιῖιιν
1085 535 1310 590 publicani.
1373 536 1516 575 Plinio
1545 537 1635 577 loco

114 589 285 630 veniunt
317 595 494 638 τελῶναι,
529 593 564 631 οἱ
594 594 642 631 τὰ
672 592 765 642 τέλη
798 592 1021 642 ὠνούμενοι,
1054 606 1147 631 cum
1179 592 1263 631 5ιιί5
1294 607 1357 645 ph
1346 592 1518 632 aedibus
1550 592 1634 633 sive

114 645 440 698 fidejussoribus.
506 647 563 686 Ili
595 653 693 687 sunt
723 648 933 701 publicani
965 648 1151 687 strictius
1185 648 1303 695 dicti
1337 648 1531 687 nimirum
1564 648 1633 702 qui

114 701 331 755 vectigalia
356 703 534 756 publica„
555 706 602 743 τὰ
624 703 731 753 τέλη,
755 704 814 743 tle(
841 704 1248 751 cnstoms,1edi1m1nt
1268 709 1312 743 et
1333 703 1635 757 pensitationes

114 772 274 798 ιιιιιιιιιι5
303 758 386 798 sive
414 759 625 798 mercedes
652 774 727 812 pro
748 774 891 799 eorum
912 759 1118 799 locatione
1146 760 1323 799 solvunt.
1388 760 1577 799 Secundo
1600 762 1636 800 οἱ

116 813 348 865 ἐκλέγοντες
374 815 461 855 sine
489 815 675 855 vadibus.
738 815 830 854 Hos
859 815 1043 869 intelligo
1072 815 1287 855 ministros
1316 830 1405 855 esse
1433 815 1633 869 publicos,

114 869 201 909 fisci
230 885 380 918 scron
405 871 474 925 qui
496 871 717 925 vectigalia
737 886 763 911 ιι
785 871 947 910 nemine
975 872 1163 911 redemta
1184 872 1238 911 ad
1260 876 1427 925 portum
1449 872 1633 926 exigunt,

114 926 395 979 vectiqaliar-isss
429 927 653 980 portitores.
729 928 873 980 Atque
914 928 1116 967 hactenus
1156 927 1255 967 mihi
1297 928 1517 981 fidejussor
1556 929 1636 970 erit

115 981 323 1035 Ulpianus
355 983 409 1022 ad
440 983 601 1022 locuni:
635 983 865 1033 ὠνουμένων
898 985 1063 1023 ἐνταῦθα
1093 984 1216 1035 λέγει,
1250 985 1317 1024 οὐκ
1349 985 1633 1035 ἇγοραζόντων,

115 1039 220 1077 ἀλλὰ
245 1038 586 1088 μισθουμένων-·
621 1041 863 1090 ἐκλεγόντων
886 1041 938 1087 δὲ,
964 1040 1302 1091 ἐπιτετραμμένων
1322 1045 1437 1080 τινῶν
1459 1042 1636 1082 ἀπαιτεῖν

114 1096 161 1133 τὰ
193 1094 298 1143 τέλη·
337 1095 381 1134 οὐ
417 1098 492 1146 γὰρ
528 1095 639 1146 λέγει
675 1096 810 1137 αὐτοὺς
845 1096 931 1137 τοὺς
965 1097 1148 1138 τελώνας.
1210 1096 1353 1136 Tertio
1390 1096 1567 1150 denique
1600 1099 1638 1137 οἱ

113 1151 343 1199 μισθώματα
363 1152 628 1201 μισθούμενοι,
652 1151 884 1205 quicunque
906 1152 1071 1191 demum
1093 1152 1259 1192 fuerint.
1297 1152 1505 1191 Nimirum
1527 1167 1635 1193 com-

114 1206 240 1259 plecti
276 1206 407 1246 voluit
442 1221 524 1255 605,
560 1207 629 1260 qui
666 1207 826 1261 quidvis
862 1223 887 1247 ιι
923 1208 1075 1261 populo
1111 1209 1345 1248 redemtum
1381 1209 1632 1249 habuerunt.

115 1261 235 1311 Nam,
266 1268 312 1303 ut
341 1263 401 1303 ait
431 1263 556 1303 Caius
584 1264 608 1302 1.
634 1275 679 1303 12
704 1264 756 1303 D.
779 1264 885 1310 eod..
910 1265 993 1303 ›Se-<l
1020 1270 1053 1304 et
1084 1264 1128 1311 ι’ἱ,
1157 1265 1227 1318 qai
1252 1265 1404 1305 salinas
1429 1272 1465 1305 et
1491 1280 1637 1306 arenas

113 1324 149 1358 et
183 1325 309 1359 cretae
338 1319 509 1372 fodinas
543 1326 578 1359 et
611 1319 770 1359 metalla
809 1320 999 1360 conducta
1034 1319 1184 1369 habent,
1213 1320 1523 1374 publicanormn
1559 1321 1636 1361 loeo

112 1381 215 1414 sunt.
276 1376 496 1415 Praeterea
530 1382 565 1415 et
599 1376 635 1415 .ςὶ
670 1376 758 1429 quis
793 1375 963 1429 vectiool
993 1376 1222 1416 conductum
1256 1392 1280 1416 α
1313 1391 1397 1429 rep.
1431 1377 1636 1429 cujusdam

113 1431 328 1485 municipii
348 1431 469 1479 habet,
491 1431 558 1472 hoc
583 1432 754 1471 edictum
784 1432 905 1471 locum
928 1431 1050 1472 habet.
1112 1432 1244 1472 Vides
1266 1438 1367 1486 quot
1390 1433 1473 1473 sint
1493 1435 1637 1484 μισθώ-

115 1504 223 1538 σιμα.
286 1487 343 1527 Et
374 1493 544 1551 praeter
575 1488 676 1528 haec
709 1488 1025 1541 qualnlss›luri1na.
1091 1488 1224 1528 Immo
1255 1489 1451 1543 quicquid
1479 1489 1565 1529 fere
1594 1490 1635 1529 in

114 1544 407 1583 comme1cium
428 1544 539 1584 venit
562 1549 603 1584 et
625 1560 649 1584 ιι
669 1544 768 1583 fisco
794 1544 941 1584 ledimi
964 1544 1108 1598 possit.
1173 1545 1237 1584 De
1262 1545 1375 1599 agris
1397 1545 1571 1599 publicis
1594 1550 1637 1586 et

113 1599 342 1639 latifundiis
372 1600 420 1639 P.
446 1600 500 1640 A.
526 1600 744 1640 conductis
773 1600 858 1639 dixi
887 1601 983 1641 olim
1012 1601 1065 1641 ad
1098 1601 1251 1641 Μιιιιιιι.
1276 1601 1468 1642 Sandxic.
1500 1617 1538 1656 p.
1565 1604 1632 1653 64.

114 1655 269 1696 Noster
299 1670 332 1695 c.
357 1656 552 1696 Eubulid.
584 1672 624 1710 p.
652 1658 769 1710 13ιὸ
796 1670 860 1696 20.
897 1659 930 1697 εἰ
964 1658 1004 1696 δὲ
1042 1661 1103 1698 δεῖ
1132 1674 1202 1707 την
1237 1659 1454 1729 δημαρχίαν
1486 1659 1634 1709 λέγειν,

115 1711 159 1752 δι’
182 1729 229 1761 ην
257 1713 464 1764 ὠργίζοντό
491 1730 556 1763 μοι
581 1714 693 1761 τινὲς,
717 1714 758 1752 ἐν
779 1711 800 1763 ᾑ
830 1713 1014 1764 διάφορος
1043 1715 1234 1765 ἐγενόμην
1264 1714 1506 1764 εἰσπράττων
1527 1716 1637 1766 ὀφεί-

113 1773 256 1810 λοντας
286 1770 458 1810 πολλοὺς
489 1769 614 1808 αὐτῶν
643 1770 853 1818 μισθώσεις
885 1773 1054 1819 τεμενῶν
1086 1770 1147 1809 καὶ
1179 1770 1302 1821 ἕτερα,
1336 1770 1360 1809 ἃ
1391 1774 1466 1810 τῶν
1499 1775 1636 1811 κοινῶν

115 1825 404 1876 ὃιηρπάκεισαν.
447 1825 571 1864 TAY
579 1825 705 1865 LOR.

172 1891 268 1934 713,
292 1883 330 1921 6.
357 1880 630 1933 ἐγγυωμένων]
658 1881 757 1921 Sub.
782 1882 878 1932 ὑπὲρ
900 1882 1057 1921 τούτων.
1092 1881 1284 1922 WOLF.

171 1939 240 1979 τὰς
260 1937 431 1989 πράξεις]
459 1937 492 1976 Ι.
515 1951 549 1977 6.
572 1939 639 1979 τὰς
663 1937 891 1988 εἰσπράξεις.
928 1937 1120 1977 WOLF.

173 2004 269 2046 713,
295 2006 331 2044 7.
373 1995 442 2033 ἐὰν
478 1992 507 2032 δ’
544 1994 606 2033 ἐπὶ
642 1996 708 2043 τῆς
744 1993 1120 2044 ἐνάτης-ἐκτίνειν]
1159 1992 1347 2033 Delenda
1384 1994 1507 2034 Credo
1543 2009 1636 2034 cum

115 2053 368 2090 annotatore
398 2049 628 2089 Bodleiano
657 2054 699 2089 et
726 2049 759 2088 T
764 2049 918 2103 ayloro.
983 2049 1258 2089 Tolerabilius
1286 2054 1397 2089 esset
1426 2051 1495 2090 ἐὰν
1523 2050 1552 2090 δ’
1577 2051 1639 2090 ἐπὶ

115 2108 180 2154 τῆς
202 2106 338 2155 ἐνάτης
357 2104 379 2155 ἢ
402 2106 559 2156 δεκάτης
579 2107 811 2156 πρυτανείας
837 2107 956 2156 ὄφλῃ,
980 2109 1047 2144 τοῦ
1071 2105 1235 2156 ὑστέρου
1258 2107 1433 2145 ἐνιαυτοῦ
1461 2107 1636 2154 ἐκτίνειν,

115 2165 163 2201 ut
194 2161 351 2201 scilicet
379 2175 401 2201 e
428 2161 616 2215 margine
647 2161 780 2201 alieno
812 2161 902 2201 loco
934 2161 1097 2201 intrusa
1128 2161 1183 2201 sit
1213 2161 1328 2201 varia
1358 2161 1494 2203 lectio.
1556 2163 1638 2202 Sed

116 2217 248 2257 satius
277 2222 340 2257 est
364 2217 502 2257 omnia
532 2218 680 2266 delere,
702 2217 813 2271 quod
834 2217 1098 2271 aliquatenus
1120 2217 1392 2258 confirmatur
1412 2233 1452 2273 p.
1480 2219 1573 2272 728,
1596 2229 1636 2273 5.

117 2276 168 2327 τῷ
196 2275 418 2314 τελευταίω.
452 2273 624 2314 DOBR.

175 2340 270 2382 713,
298 2343 359 2384 19.
381 2332 595 2381 NOMOS]
623 2330 726 2370 Cum
755 2330 833 2369 hac
861 2329 953 2382 lege
974 2343 1056 2368 uno
1084 2333 1159 2369 aut
1188 2329 1376 2382 pluribus
1402 2329 1521 2369 annis
1542 2333 1639 2382 post

120 2385 336 2425 Euclidem
371 2385 458 2425 lata
495 2400 682 2439 pugnare
718 2385 884 2425 videtur
901 2364 988 2425 &lex
1026 2385 1235 2425 Tisameni
1277 2385 1390 2438 apud
1426 2385 1635 2425 Andocid.

117 2457 156 2495 p
181 2455 235 2496 39
259 2456 348 2494 sqq.
413 2442 516 2482 Cum
549 2441 657 2480 enim
688 2441 754 2481 lex
786 2441 995 2481 Tisamcni
1027 2441 1137 2495 leges
1171 2440 1332 2480 Solonis
1363 2446 1406 2480 et
1437 2441 1639 2481 constitu-

117 2497 253 2538 tiones
291 2498 518 2537 Dracontis
549 2498 717 2550 juberet
754 2502 869 2537 ratas
907 2512 1008 2543 esse,
1047 2497 1080 2536 si
1117 2501 1336 2551 pla·ete1ea
1370 2501 1512 2537 autem
1547 2497 1639 2537 aliis

119 2554 367 2607 quibusdam
395 2553 555 2607 legibus
585 2568 688 2606 opus
717 2567 807 2593 esse
827 2553 1050 2601 ιί(16ι·6ΐιιι·,
1074 2558 1164 2593 tum
1193 2557 1360 2592 tantum
1387 2553 1494 2592 velet
1521 2558 1639 2593 ratas

119 2624 221 2658 6556,
245 2624 337 2649 cum
360 2624 430 2649 eas
451 2610 504 2649 ab
527 2608 575 2648 iis
604 2609 871 2657 nomothetis,
895 2623 998 2662 quos
1021 2614 1190 2649 senatus
1217 2608 1432 2662 eligeret,
1422 2623 1464 2648 111
1485 2609 1639 2650 tabulis

118 2666 297 2719 scriptas
319 2671 361 2705 et
383 2670 480 2705 ante
510 2670 674 2705 statuas
697 2679 992 2718 eponymorum
1018 2664 1244 2718 expositas7
1268 2670 1439 2704 senatus
1460 2665 1640 2718 primum

119 2727 161 2762 et
185 2727 333 2776 postea
355 2721 571 2775 quingenti
593 2736 617 2761 ιι
644 2721 916 2774 popularibus
945 2720 1080 2768 electi,
1101 2720 1373 2760 nomothetae
1390 2720 1638 2774 probassent,

121 2777 277 2818 Dioclis
304 2778 370 2817 lex
399 2777 567 2817 omnino
592 2777 713 2830 jubet
734 2778 820 2819 τοὺς
849 2778 988 2826 νόμους
1016 2777 1103 2817 τοὺς
1130 2776 1203 2827 πρὸ
1225 2777 1437 2816 Εὐκλείδου
1458 2776 1640 2818 τεθέντας

121 2835 163 2873 ἐν
185 2834 417 2887 δημοκρατίᾳ
446 2835 507 2873 καὶ
536 2834 623 2873 ὅσοι
646 2832 703 2872 ἐπ’
728 2834 940 2872 Εὐκλείδου
963 2831 1153 2881 ἐτέθησαν
1176 2832 1240 2871 καί
1266 2833 1366 2872 εἰσιν
1394 2833 1640 2884 ἀναγεγραμ-

119 2890 241 2940 μένοι,
279 2891 426 2940 κυρίους
464 2890 574 2929 εἶναι.
640 2889 755 2940 Quae
791 2894 837 2929 ut
874 2902 1184 2941 componamus,
1217 2892 1291 2927 aut
1324 2887 1542 2927 dicendum
1575 2891 1641 2928 est

118 2945 254 3000 legem
278 2945 436 2985 Dioclis
465 2945 522 2985 sic
550 2945 646 2984 olim
675 2945 875 2999 scriptam
904 2943 1039 2993 fuisse,
1068 2944 1154 2985 τοὺς
1182 2946 1321 2994 νόμους
1347 2944 1434 2986 τοὺς
1460 2943 1533 2996 πρὸ
1566 2944 1639 2985 Εὐ-
