1997 3256
506 153 834 193 ADVERSUS
869 155 903 194 A
916 155 1355 196 NDROTIONEM.
1607 160 1691 201 847

235 255 319 295 “In
340 255 418 296 hac
439 270 586 296 caussa
608 257 706 310 quid
727 257 815 297 fieri
839 258 1006 299 solitum
1028 259 1083 300 sit
1111 265 1305 301 accurate
1331 261 1493 301 scimus.
1557 263 1692 303 Actor

174 325 324 350 nomen
346 311 499 352 detulit
519 313 573 352 ad
601 313 824 354 archontes
850 315 1160 369 postulavitque
1183 316 1414 357 actionem:
1448 317 1518 357 isti
1543 317 1691 358 deinde

175 381 348 407 caussae
376 367 685 408 institutionem
714 375 979 419 curaverunt,
1000 375 1128 425 atque
1152 386 1240 411 rem
1267 373 1321 412 ad
1343 372 1559 414 Heliastas
1584 375 1690 414 dele-

172 428 390 476 gaverunt.
452 425 691 465 Accusator
716 425 757 464 in
779 426 957 466 aetionis
979 427 1156 467 formula
1180 428 1512 469 aestimationem
1533 444 1692 482 poenae

174 478 405 518 constituit.
469 480 603 520 Actor
628 481 660 520 si
685 481 873 535 quintam
900 483 1192 537 suffragiorum
1218 488 1383 536 partem
1404 498 1486 524 non
1512 486 1688 535 tulisset,

173 534 375 574 mulctam
409 535 519 576 mille
554 537 848 577 drachmarum
889 538 1045 578 solvere
1082 539 1228 579 debuit
1264 544 1307 579 et
1344 542 1473 593 ἀτιμίᾳ
1508 542 1690 593 quadam

174 594 346 630 notatus
367 596 443 639 est,
466 607 561 631 reus
585 598 727 633 autem
749 594 972 634 damnatus
999 594 1154 634 crimen
1175 595 1344 641 mulcta,
1367 596 1506 648 prouti
1528 610 1594 635 res
1615 602 1690 637 aut

173 646 340 699 gravior
359 652 433 687 aut
455 648 619 688 levioris
645 654 754 689 esset
776 650 987 697 momenti,
1010 655 1085 689 aut
1105 650 1252 703 majori
1275 656 1350 690 aut
1371 651 1520 690 minori
1542 652 1632 692 luit.

233 703 351 742 “Sed
377 718 469 743 cum
498 705 723 744 adversarii
744 705 845 744 illud
866 706 1079 745 decretum
1104 706 1381 745 Androtionis
1409 706 1614 760 duplicem
1636 708 1690 747 ob

175 772 364 799 caussam
390 760 673 800 damnandum
702 765 911 805 censeant,
936 761 1116 814 primum
1145 762 1197 801 ob
1220 762 1356 814 ipsum
1383 762 1541 802 decreti
1562 777 1688 817 argu-

174 819 374 863 mentum,
398 830 491 855 cum
518 816 584 856 lex
613 816 668 855 sit.
689 831 740 855 ne
762 821 932 856 senatus
961 816 1133 856 navibus
1155 831 1237 856 non
1265 817 1496 857 aedificatis
1524 833 1690 859 corone-

174 874 257 917 tur,
285 871 432 910 deinde
458 876 632 925 propter
661 872 878 919 rationem,
903 887 984 925 qua
1012 873 1144 912 latum
1172 873 1238 921 sit,
1261 873 1483 913 videndum
1511 874 1598 927 jam
1627 881 1691 916 est

174 926 225 966 de
247 926 325 966 hoc
347 927 491 973 altero,
511 928 621 980 quod
642 932 862 967 accusator
883 943 920 981 p.
935 940 1019 982 594
1036 943 1095 982 sq.
1114 930 1283 982 profert,
1308 931 1691 980 ἀπροβούλευτον

174 996 262 1022 esse
284 983 372 1035 ejus
393 983 644 1036 psephisma.
678 983 787 1023 Nam
810 984 947 1032 Solon,
968 989 1012 1024 ut
1036 990 1182 1025 narrat
1201 985 1464 1033 Plutarchus,
1476 986 1530 1026 V.
1549 987 1689 1027 Solon.

175 1053 210 1079 0.
234 1051 297 1091 19.
323 1039 506 1090 δευτέραν
531 1039 838 1090 προσκατένειμε
862 1041 1016 1090 βουλὴν
1044 1041 1120 1080 ἀπὸ
1149 1045 1275 1092 φυλῆς
1301 1042 1475 1092 ἑκάστης,
1498 1043 1690 1094 τεττάρων

174 1094 303 1134 οὐσῶν
325 1095 464 1134 ἑκατὸν
486 1096 625 1146 ἄνδρας
648 1096 935 1147 ἐπιλεξάμενος,
956 1097 1021 1138 οὓς
1041 1099 1326 1148 προβουλεύειν
1348 1098 1461 1147 ἔταξε
1483 1102 1549 1137 τοῦ
1571 1099 1690 1149 δήμου

174 1150 235 1190 καὶ
267 1152 386 1200 μηδὲν
419 1152 486 1191 ἐᾶν
519 1152 838 1202 ἀπροβούλευτον
873 1154 926 1195 εἰς
959 1154 1170 1203 ἐκκλησίαν
1207 1154 1476 1206 εἰσφέρεσθαι.
1539 1155 1690 1208 Itaque

173 1206 413 1260 psephisma
448 1207 502 1246 ad
536 1208 734 1260 populum
769 1208 868 1247 ferri
909 1223 992 1248 11011
1028 1209 1156 1257 1101111,
1194 1209 1271 1249 nisi
1311 1214 1438 1250 antea
1476 1225 1501 1250 a
1541 1216 1689 1251 senatu

174 1263 491 1316 comprobatum
516 1268 654 1310 esset;
688 1264 948 1304 recitabatur
973 1265 1123 1305 deinde
1144 1280 1169 1305 a
1191 1270 1338 1306 senatu
1362 1266 1403 1305 in
1428 1267 1619 1315 comitiis,
1643 1272 1691 1307 ut

173 1319 351 1372 populus
377 1324 452 1359 aut
480 1319 722 1372 antiquaret
750 1320 963 1361 decretum
991 1325 1065 1361 aut
1093 1321 1302 1362 scisceret.
1365 1322 1502 1373 Quare
1524 1323 1691 1363 Andro-

174 1374 264 1415 tion
292 1375 506 1415 decretum
538 1390 657 1415 suum
685 1376 740 1416 ad
770 1382 974 1425 senatum,
1006 1377 1074 1430 qui
1102 1377 1296 1430 priorem,
1327 1392 1449 1431 quem
1479 1378 1545 1418 illc
1576 1393 1690 1419 coro-

174 1431 265 1471 nari
290 1431 434 1480 voluit,
463 1446 573 1471 anno
602 1433 880 1485 subsequente
909 1433 1085 1487 excepit,
1109 1433 1271 1473 deferre
1300 1434 1472 1480 debuit3
1507 1435 1579 1474 sed
1607 1449 1691 1475 non

173 1487 271 1527 fecit
302 1487 404 1527 haec
438 1493 661 1528 causatus:
700 1488 948 1542 Psephisma
978 1489 1078 1528 illud
1113 1489 1337 1543 Epistatae
1373 1504 1416 1529 se
1452 1490 1690 1539 tradidisse,

175 1543 244 1596 qui
285 1544 483 1597 populum
518 1548 709 1598 rogasset
749 1559 848 1584 num
883 1550 1054 1585 senatus
1089 1560 1242 1586 corona
1278 1546 1426 1600 dignus
1463 1546 1690 1596 videretur,

173 1604 300 1654 atque
335 1615 383 1640 ea
417 1600 468 1640 (10
500 1615 546 1640 re
582 1600 623 1640 in
662 1600 904 1655 suffragium
939 1601 1149 1649 misisset3
1184 1602 1382 1656 populum
1418 1602 1567 1642 deinde
1600 1618 1691 1657 pse-

174 1655 337 1709 phisma
369 1657 659 1710 comprobasse
692 1661 734 1697 et
768 1657 948 1698 scivisse.
1009 1658 1146 1709 Quare
1180 1673 1272 1698 cum
1303 1659 1368 1698 lex
1394 1659 1544 1711 jubeat
1575 1674 1691 1700 sena-

174 1717 276 1760 tum,
309 1712 343 1751 si
373 1714 525 1766 populo
556 1717 669 1753 recte
699 1728 848 1753 munus
883 1714 1199 1754 administrasse
1233 1714 1343 1754 visus
1380 1715 1449 1763 sit,
1485 1716 1690 1764 coronari,

175 1768 388 1808 decretum
415 1774 559 1809 autem
587 1770 637 1809 de
666 1774 814 1810 senatu
842 1771 1081 1810 coronando
1110 1770 1151 1809 in
1180 1770 1358 1810 comitiis
1387 1770 1442 1811 sit
1470 1771 1690 1825 perlatum,

174 1824 314 1865 omnia
342 1839 393 1865 ex
423 1825 512 1880 lege
540 1827 655 1866 facta
686 1826 879 1879 nulloque
911 1832 1082 1866 senatus
1112 1827 1302 1867 consulto
1329 1842 1433 1880 opus
1458 1828 1692 1867 esse—Ad

174 1880 276 1921 haec
312 1881 574 1921 adversarius
614 1882 838 1935 respondet
874 1887 1044 1923 senatus
1084 1883 1322 1923 consultum
1359 1883 1408 1922 iis
1448 1887 1615 1923 tantum
1651 1884 1693 1923 in

175 1937 299 1977 rebus
328 1937 575 1990 permissum
603 1952 703 1986 esse,
731 1939 782 1978 de
811 1938 961 1992 quibus
988 1939 1099 1993 leges
1125 1939 1327 1992 jubeant;
1357 1940 1447 1993 jam
1474 1954 1570 1979 vero
1598 1954 1691 1979 cum

174 1997 378 2041 senatum,
417 1993 486 2046 qui
527 2008 653 2034 naves
689 2009 772 2033 11011
812 1994 968 2042 fecerit,
1007 1994 1198 2035 coronari
1235 1994 1412 2035 vetitum
1453 1995 1520 2044 sit,
1558 2010 1693 2050 neque

174 2054 346 2089 senatus
371 2049 605 2090 consultum
626 2065 674 2091 ea
700 2051 751 2090 de
776 2065 821 2090 re
849 2065 1091 2091 concessum
1117 2065 1206 2091 esse
1227 2065 1360 2105 neque
1387 2051 1553 2091 omnino
1576 2052 1693 2105 quid—

176 2119 301 2158 quam
322 2105 444 2145 licere
466 2106 618 2160 rogari.

234 2162 339 2201 “Ad
359 2162 441 2202 alia
467 2162 595 2202 etiam
621 2163 861 2203 Androtion
887 2168 1124 2204 commenta
1151 2163 1352 2218 confugit,
1376 2164 1526 2216 quibus
1553 2164 1693 2204 decre—

174 2221 266 2257 tum
291 2232 409 2257 suum
438 2223 658 2259 excusaret
679 2224 722 2259 et
742 2233 918 2273 poenam
947 2219 1137 2267 evitaret,
1161 2234 1268 2273 quae
1297 2219 1494 2273 quoniam
1515 2221 1692 2274 argutiis

175 2278 372 2314 constant
393 2278 435 2314 et
460 2274 682 2315 subtilibus
708 2275 979 2329 argumentis,
1002 2290 1135 2329 neque
1155 2290 1181 2315 a
1201 2276 1360 2330 legibus
1385 2280 1460 2316 aut
1485 2276 1693 2317 institutis

175 2330 499 2370 Atheniensium
521 2331 724 2385 originem
750 2332 919 2379 ducunt,
937 2332 1030 2385 jure
1052 2332 1129 2371 hoc
1151 2332 1242 2371 1000
1265 2331 1497 2371 omittimus
1519 2337 1567 2372 ut
1588 2333 1692 2373 satis

174 2386 227 2426 ab
249 2386 487 2426 adversario
509 2392 551 2427 et
573 2387 781 2441 explicata
803 2392 845 2427 et
866 2389 1062 2428 refutata.

216 2442 482 2495 “Postquam
504 2442 632 2496 igitur
654 2443 893 2496 psephisma
910 2442 1187 2483 Androtionis
1207 2447 1251 2483 et
1272 2447 1446 2496 propter
1467 2457 1689 2497 argumen-

174 2501 266 2538 tum
293 2503 334 2538 et
362 2503 535 2552 propter
561 2498 778 2547 rationem,
806 2513 889 2552 qua
916 2499 1048 2539 latum
1075 2504 1197 2547 esset,
1225 2503 1373 2538 contra
1397 2498 1509 2552 leges
1534 2499 1693 2539 factum

175 2568 263 2594 esse
291 2560 411 2594 actor
439 2554 595 2600 docuit,
626 2555 729 2594 duas
754 2555 859 2595 alias
884 2556 995 2609 leges
1024 2557 1120 2595 κατὰ
1146 2558 1212 2594 τοῦ
1240 2555 1465 2605 προσώπου,
1492 2559 1541 2594 111
1569 2555 1692 2596 Liba-

174 2610 268 2650 nius
290 2610 331 2649 in
354 2610 617 2664 Argumento
639 2610 754 2659 dicit,
776 2615 924 2651 contra
945 2611 1253 2650 Androtionem
1275 2609 1408 2663 ipsum
1435 2610 1626 2663 explicat,
1650 2616 1692 2652 et

173 2665 354 2719 primum
382 2666 550 2719 quidem
580 2670 638 2719 (p.
661 2668 778 2721 599.)
810 2667 879 2706 τὸν
908 2669 973 2716 τῆς
1001 2668 1235 2716 ἑταιρήσεως
1266 2667 1399 2715 νόμον.
1459 2666 1692 2708 Aeschines

173 2735 266 2762 eam
296 2722 431 2776 legem
460 2722 583 2762 affert
613 2722 674 2762 ita
703 2737 742 2775 p.
765 2736 803 2775 3,
832 2736 929 2775 43.:
961 2721 1059 2761 Ἐάν
1089 2738 1145 2763 τις
1174 2721 1380 2771 Ἀθηναῖος
1412 2721 1608 2772 ἑταιρήσῃ,
1639 2723 1692 2773 μὴ

175 2776 321 2827 ἐξέστω
360 2779 459 2832 αὐτῷ
493 2782 569 2818 τῶν
605 2778 720 2818 ἐννέα
757 2779 959 2830 ἀρχόντων
993 2777 1182 2829 γενέσθαι
1216 2776 1302 2827 μηδ’
1339 2778 1552 2828 ἱερωσύνην
1590 2779 1692 2830 ἱερά-

175 2837 323 2874 σασθαι
361 2837 456 2883 μηδὲ
498 2836 726 2884 συνδικῆσαι
761 2835 810 2887 τῷ
848 2834 964 2887 δήμῳ,
1001 2834 1096 2883 μηδὲ
1137 2833 1262 2884 ἀρχὴν
1298 2831 1449 2884 ἀρχέτω
1489 2835 1690 2884 μηδεμίαν,

173 2888 269 2938 μήτε
310 2890 476 2939 ἔνδημον
509 2889 605 2940 μήτε
644 2891 862 2941 ὑπερόριον,
898 2889 993 2940 μήτε
1035 2889 1234 2939 κληρωτὴν
1270 2887 1365 2938 μήτε
1404 2890 1691 2940 χειροτονητὴν,

175 2944 257 2994 μηδ’
293 2946 354 2985 ἐπὶ
392 2947 593 2997 κηρυκείαν
634 2946 956 2988 ἀποστελλέσθω),
999 2946 1093 2994 μηδὲ
1129 2946 1286 2995 γνώμην
1322 2944 1484 2994 λεγέτω,
1521 2945 1604 2995 μηδ’
1638 2947 1692 2987 εἷς
