1997 3256
335 151 419 193 982
707 145 1029 186 ADVERSUS
1063 145 1480 186 TIMOORATEM.

338 255 491 294 κλείδου
511 255 553 293 ἐν
570 254 801 306 δημοκρατίᾳ
821 252 1003 294 τεθέντας
1025 253 1087 292 καὶ
1107 254 1272 302 ὕστερον
1292 253 1597 302 δοκιμασθέντας
1618 254 1679 293 καὶ
1695 254 1854 301 ὅσοι,-

337 314 424 358 aut,
448 309 482 349 si
503 309 581 349 1100
610 308 729 355 nolis,
749 314 841 348 tum
868 308 1083 348 fatendum
1112 312 1175 348 est
1198 308 1388 347 Dioclem
1416 309 1528 348 aliud
1554 309 1718 355 dixisse,
1741 310 1854 349 aliud

337 365 525 406 voluisse.
566 365 773 405 MEIER.
806 365 856 404 de
888 365 983 404 bon.
1016 365 1155 404 damn.
1187 379 1226 418 p.
1252 375 1316 415 71.
1380 364 1499 404 Duas
1534 365 1636 405 alias
1669 366 1856 406 rationes

336 422 555 476 proposuit
577 421 752 462 Sievers.
777 421 940 461 Histor.
961 421 1146 461 Graecae
1167 435 1205 474 p.
1231 434 1253 473 9
1258 431 1297 474 5.
1320 420 1388 473 qui
1411 426 1487 461 aut
1506 426 1602 474 post
1624 424 1857 475 δημοκρατίᾳ

337 478 539 518 excidisse
570 479 658 517 ὅσοι
687 476 743 517 ἐπ’
770 478 981 517 Εὐκλείδου
1014 478 1114 517 εἰσὶν
1145 478 1497 528 ἀναγεγραμμένοι,
1530 482 1605 517 aut
1635 479 1761 518 verba
1794 480 1858 518 καὶ

337 536 437 575 εἰσὶν
469 533 810 586 ἀναγεγραμμένοι
844 533 898 573 ad
931 538 1155 586 utrumque
1190 533 1327 587 legum
1357 547 1487 587 genus
1518 534 1735 574 referenda
1764 548 1857 574 esse

335 594 489 640 censet,
511 604 687 644 quorum
707 590 823 643 prius
844 604 991 643 parum
1013 589 1239 643 probabile,
1262 589 1442 629 alterum
1463 604 1537 642 per
1557 589 1722 644 linguae
1743 590 1857 644 leges

336 647 426 687 fieri
462 646 621 701 nequit.
684 646 823 686 Multo
858 646 1114 700 probabilius
1145 651 1210 685 est
1240 645 1517 700 negligentius
1547 660 1636 686 esse
1669 647 1857 686 locutum

338 703 407 757 qui
429 703 536 744 hanc
556 703 689 757 legem
710 703 956 757 composuit.

393 771 487 814 713,
514 770 579 814 25.
611 760 764 811 χρόνος,
798 761 931 799 ὅντινα
962 761 1023 798 δεῖ
1050 759 1205 811 ἄρχειν]
1242 758 1327 797 Pro
1355 759 1489 798 ὅντινα
1516 772 1663 812 margo
1695 758 1857 799 Luteti-

335 830 441 856 anae
468 816 599 856 habet
627 816 695 866 ἀφ’
717 817 773 864 οὗ,
797 815 907 870 quod
936 820 1000 855 est
1026 815 1242 855 scholium.
1283 815 1428 862 ὅντινα,
1453 814 1495 853 id
1517 819 1580 854 est
1602 814 1682 854 καθ’
1708 816 1854 855 ὅντινα.

338 872 392 911 V.
421 887 461 925 p.
486 883 579 924 714,
601 884 642 924 5.
679 872 814 924 ἄρχειν
851 871 938 911 sine
974 871 1100 910 dubio
1136 871 1203 910 1110
1242 870 1452 924 significat
1488 871 1673 923 incipere.
1711 871 1857 920 ordiri,

335 928 500 968 initium
527 927 777 968 auctoritatis
803 941 867 967 sen
888 927 1113 967 validitatis
1141 941 1333 981 capessere
1364 927 1559 966 REISK.
1621 927 1781 967 Eadem
1802 928 1857 967 le-

338 989 495 1038 guntur
528 984 619 1023 Iud.
649 983 880 1024 Graecitat.
943 983 1024 1023 Sed
1056 984 1225 1023 fallitur.
1290 983 1449 1022 Verum
1480 983 1582 1023 vidit
1612 998 1717 1023 unus
1750 984 1859 1037 Tay-

338 1040 463 1080 lorus.
526 1039 724 1080 Proxime
758 1054 901 1080 verum
935 1045 1170 1080 accesserat
1206 1039 1398 1087 wolfius,
1438 1039 1507 1092 qui
1542 1040 1669 1079 vertit
1705 1047 1860 1092 tempus

337 1110 410 1150 qno
437 1095 571 1137 debeat
593 1096 683 1150 aeri
707 1096 975 1149 inastistratas,
1005 1096 1080 1135 hoc
1108 1111 1190 1135 uno
1220 1096 1358 1143 falsus‚
1384 1096 1495 1148 quod
1521 1097 1654 1136 ὅντινα
1682 1097 1859 1136 referret

337 1153 393 1193 ad
423 1155 578 1206 χρόνος.
641 1152 806 1192 Scilicet
837 1154 971 1192 ὅντινα
1003 1152 1046 1203 (i.
1076 1167 1113 1205 q.
1137 1153 1328 1201 ὁπόστον)
1363 1155 1423 1191 δεῖ
1450 1153 1585 1204 ἄρχειν
1615 1157 1679 1192 est
1711 1167 1855 1206 epexe-

337 1209 446 1263 gesis
482 1209 661 1249 nominis
700 1210 841 1260 χρόνος
875 1223 896 1248 0
933 1208 1152 1248 notissimo
1188 1207 1510 1248 Atheniensium
1549 1222 1664 1248 more
1700 1223 1857 1248 annum

339 1265 561 1306 definiendi
594 1265 846 1319 magistratu
881 1265 1122 1304 Archontis.
1186 1265 1291 1304 Post
1322 1264 1401 1303 hoc
1433 1264 1665 1304 membrum
1699 1269 1856 1313 autem⁷

339 1321 372 1361 si
400 1321 550 1376 plac-et,
573 1320 749 1362 subaudi
778 1322 822 1361 οὗ
849 1322 1038 1374 ἄρχοντος
1066 1322 1191 1372 κύριος
1219 1321 1342 1360 ἔσται.
1379 1320 1628 1360 SCHAEF.
1691 1321 1750 1361 At
1778 1322 1859 1361 hoc

338 1377 407 1417 vix
448 1378 527 1418 dici
562 1382 731 1432 poterat
770 1379 928 1430 χρόνον,
965 1378 1099 1416 ὅντινα
1141 1380 1201 1417 δεῖ
1239 1378 1390 1430 ἄρχειν,
1453 1376 1583 1416 Recte
1623 1377 1677 1416 ad
1714 1377 1857 1417 Jurini

337 1433 729 1488 interpretationem
758 1433 882 1473 rediit
905 1434 1124 1473 Dobraeus
1148 1439 1171 1455 ²⁶
1192 1435 1325 1473 ὅντινα
1352 1438 1425 1486 (sc.
1449 1434 1612 1485 χρόνον)
1636 1437 1696 1474 δεῖ
1721 1435 1860 1486 ἄρχειν

342 1494 416 1542 (sc.
441 1494 509 1530 τοῦ
537 1492 665 1542 κύριον
694 1490 793 1530 εἶναι
814 1489 882 1529 τὸν
904 1491 1058 1540 νόμον).
1124 1490 1253 1529 Recte
1275 1489 1427 1529 (licitur
1446 1491 1587 1541 χρόνος
1607 1491 1718 1542 ἄρχει
1739 1492 1858 1538 τινός,

340 1551 387 1587 ut
416 1546 538 1598 ἡμέρα
567 1547 679 1600 apud
712 1546 899 1599 Thucyd.
925 1558 961 1594 2,
985 1558 1047 1585 12.
1110 1546 1176 1586 Sic
1207 1561 1303 1586 mox
1334 1561 1374 1599 p.
1398 1558 1493 1596 714,
1519 1547 1556 1585 6.
1589 1546 1658 1585 τὸν
1688 1563 1858 1598 γεγραμ-

339 1602 460 1653 μένον
490 1604 752 1655 (sc.><p0'1)0v)
784 1603 932 1654 ἄρχειν.
995 1602 1099 1641 Rem
1127 1602 1186 1643 ita
1216 1602 1362 1656 capio:
1396 1616 1526 1655 usque
1554 1602 1608 1642 ad
1638 1601 1858 1642 Euclidem

342 1658 570 1711 (inclusive7
605 1664 653 1699 ut
686 1659 824 1709 aiunt)
862 1659 1000 1698 volent
1035 1658 1173 1712 leges3
1213 1663 1307 1712 post
1345 1658 1561 1698 Euclidem
1595 1658 1746 1706 valent,
1784 1659 1858 1699 sed

337 1730 364 1755 a
396 1715 461 1755 die
495 1730 576 1769 quo
607 1715 791 1769 scriptae
821 1719 931 1761 sunt,
963 1714 1041 1754 nisi
1074 1715 1115 1753 in
1148 1730 1229 1768 qua
1263 1715 1352 1769 lege
1383 1719 1549 1768 tempus
1578 1714 1857 1768 praefinitur:

340 1786 468 1825 quare
496 1772 641 1825 cuique
670 1772 748 1826 legi
779 1771 961 1812 ascribat
990 1770 1124 1811 scriba
1152 1771 1264 1811 intra
1288 1785 1344 1824 30
1375 1771 1475 1819 dies,
1503 1786 1528 1810 a
1555 1785 1635 1823 quo
1666 1776 1858 1825 tempore

339 1828 515 1868 valuerit
535 1832 610 1868 aut
631 1828 810 1868 valitura
833 1827 886 1867 sit
908 1842 957 1867 ea
977 1827 1084 1866 lex.'”

398 1895 493 1937 713,
518 1886 583 1924 26.
607 1884 837 1937 ἐπιγράψαι]
861 1883 1026 1923 Scilicet
1047 1897 1117 1923 eas
1134 1883 1221 1936 jam
1243 1888 1359 1924 ratas
1381 1890 1423 1924 et
1445 1898 1521 1923 usu
1542 1888 1732 1937 receptas
1754 1898 1858 1924 esse-

341 1939 560 1980 Sententia
581 1940 787 1980 clausulae
809 1940 932 1993 hujus
954 1944 1019 1980 est-
1039 1956 1046 1979 z
1079 1947 1252 1993 oportere
1275 1939 1447 1979 scribam
1471 1941 1578 1980 intra
1600 1941 1704 1980 diem-
1725 1955 1751 1979 α
1773 1940 1859 1980 lata

339 1995 413 2036 hac
432 1996 588 2036 Dioclis
609 1997 688 2049 leae
712 1997 955 2050 triqesimnma
976 1995 1197 2035 adscribere
1217 1996 1292 2050 lessi
1312 1997 1451 2049 cuique
1466 1996 1558 2048 jain
1580 1997 1752 2044 calidae,
1773 2011 1858 2036 eam

340 2052 456 2105 [erlem
475 2052 568 2104 jain
597 2052 776 2100 obtinere,
808 2053 889 2092 siz-e
918 2066 963 2092 ea
995 2058 1085 2091 esset
1115 2052 1286 2092 Euclide
1316 2053 1512 2101 vetustior,
1543 2053 1624 2093 sive
1654 2053 1858 2093 recentior.

398 2176 493 2215 714,
516 2175 556 2217 5.
590 2166 710 2218 τούτῳ
744 2166 784 2204 δὲ
820 2165 889 2204 τὸν
921 2164 1190 2216 γεγραμμένον
1226 2164 1382 2218 ἄρχειν]
1418 2165 1659 2218 Legendum
1693 2165 1861 2205 videtur

340 2224 478 2260 τοῦτον
511 2223 552 2259 δὲ
585 2220 655 2260 τὸν
689 2220 963 2272 γεγραμμένον
999 2221 1146 2273 ἄρχειν,
1183 2220 1284 2260 lianc
1319 2220 1437 2274 {essem
1470 2221 1634 2261 ‘initiam
1663 2235 1801 2274 capere
1831 2236 1860 2261 ct

338 2282 508 2330 tempore
547 2276 667 2315 eidem
709 2277 924 2330 adscripto,
959 2291 1054 2325 non,
1092 2277 1298 2330 quomodo
1335 2277 1393 2315 W
1398 2277 1527 2323 oli-ius,
1565 2292 1638 2330 qao
1669 2284 1860 2331 praetore

339 2338 434 2372 rata
463 2346 537 2372 esse
566 2332 710 2372 debeat.
743 2332 941 2372 JURIN.
987 2333 1153 2372 Revoca
1183 2333 1400 2387 antiquam
1433 2333 1577 2372 Wolfii
1608 2333 1858 2382 versionem,

341 2394 383 2428 et
405 2388 543 2428 omnia
564 2392 676 2428 recte
697 2389 925 2442 procedent
943 2404 951 2427 z
974 2387 1088 2441 jabet
1109 2403 1425 2443 unamquamque
1445 2389 1493 2428 ab
1518 2404 1557 2429 eo
1579 2390 1656 2438 die,
1678 2404 1751 2443 qm)
1773 2390 1859 2430 lata

330 2445 477 2497 fuerit,
503 2459 579 2484 esse
605 2451 753 2493 ratam,
780 2445 858 2484 nisi
882 2445 917 2484 si
946 2445 1010 2484 cai
1037 2444 1281 2498 adscriptmn
1299 2446 1431 2498 fiierit
1457 2450 1622 2499 tempas,
1651 2446 1744 2486 linio
1768 2460 1860 2485 vero

339 2501 530 2553 scriptam
558 2501 767 2554 imperare.
830 2501 880 2540 Id
907 2508 996 2541 est:
1023 2501 1093 2540 ubi
1122 2501 1243 2540 alicui
1272 2501 1352 2553 leg-i
1380 2507 1545 2555 tempus
1573 2507 1711 2542 certae
1740 2516 1860 2555 prae-

341 2561 461 2597 turae
489 2557 789 2610 praestitutum
818 2557 956 2605 fuerit,
983 2556 1038 2597 ibi
1067 2554 1405 2610 p1·aefi11itus‘'ille
1435 2558 1607 2597 Archon
1633 2558 1855 2612 magistra-

340 2617 430 2652 tum
465 2618 669 2666 capessat,
702 2618 929 2667 antequam
964 2613 1028 2653 lex
1062 2618 1156 2653 rata
1189 2613 1255 2653 sit.
1290 2614 1551 2654 TAYLOR.
1586 2616 1717 2668 τούτῳ,
1750 2614 1790 2654 h.
1822 2629 1859 2654 e.

342 2670 459 2722 τούτῳ
488 2671 528 2708 δὲ
557 2671 607 2723 τῷ
636 2671 793 2723 τοιούτῳ
816 2671 931 2724 νόμῳ,
957 2670 1030 2723 ῖεῃί
1055 2669 1111 2709 sic
1139 2668 1306 2716 habenti,
1329 2670 1371 2709 in
1393 2685 1474 2723 qua
1504 2670 1642 2710 cautio
1670 2671 1773 2710 haec
1803 2669 1861 2710 sit

342 2725 547 2765 adhibita.
590 2725 657 2765 τὸν
685 2726 968 2777 γεγραμμένον,
999 2725 1153 2765 scilicet
1183 2727 1340 2777 χρόνον,
1372 2725 1603 2779 auspicium
1633 2726 1784 2766 valoris
1815 2730 1861 2766 et

342 2780 607 2821 auctoritatis
629 2781 765 2821 facere
787 2786 951 2836 tempus
972 2782 1013 2822 in
1036 2782 1126 2835 ipsa
1153 2781 1242 2835 lege
1262 2782 1475 2835 seriptum.
1508 2781 1702 2822 REISK.
1764 2782 1858 2821 Non

342 2839 498 2888 χρόνον,
531 2837 603 2877 sed
634 2838 819 2890 ἄρχοντα.
860 2840 981 2892 τούτῳ
1013 2843 1077 2877 est
1108 2837 1273 2877 dativus
1306 2852 1427 2891 quem
1458 2838 1662 2877 commodi
1695 2837 1856 2877 dicunt..

345 2892 524 2933 Sensus:
563 2895 627 2932 ἵνα
657 2895 699 2932 δὲ
730 2895 839 2935 οὗτος
871 2896 994 2944 κύριος
1023 2893 1060 2949 ᾗ.
1097 2893 1345 2933 SCHAEF.
1410 2894 1539 2933 Recte
1572 2893 1777 2941 Reiskius.
1810 2899 1860 2932 ut

345 2948 532 3000 sequitur
553 2963 601 2988 ex
624 2948 672 2987 iis
695 2964 799 3001 quae
821 2965 858 3003 p.
885 2962 905 3001 7
921 2964 976 3003 ¹3.
1004 2963 1066 3003 25.
1090 2950 1201 2989 dicta
1223 2959 1331 2989 sunt.
