1997 3256
743 166 802 207 IN
837 167 1090 208 MIDIAM.
1595 170 1678 209 895

215 272 453 327 568,i.015
485 270 514 311 ὃ
547 273 566 311 ὁ
601 273 716 321 νόμος
747 272 1032 327 προσέταττεν]
1066 272 1159 312 Hoc
1188 278 1264 321 est,
1294 272 1334 312 in
1358 272 1447 326 ipsa
1475 273 1676 328 cujusque

158 329 267 369 navi.
316 327 425 368 Vide
447 342 543 367 mox
566 341 691 377 v.14.
724 327 950 368 BUTTM.

214 386 310 437 568,
334 398 372 437 3.
395 384 607 436 ἵππαρχος]
641 384 735 423 Duo
763 385 951 439 equitum
980 384 1176 438 praefecti
1208 389 1330 425 erant
1358 385 1470 438 apud
1496 384 1674 425 Atheni-

156 455 274 480 enses
298 442 538 493 (ἵππαρχοι),
562 454 737 494 quorum
765 441 872 481 alter
901 446 1000 480 tunc
1026 446 1118 481 erat
1147 441 1328 486 Midiaffl
1364 441 1506 481 decem
1532 445 1674 482 autem

156 497 282 536 duces
305 496 491 549 peditum
517 498 786 549 (στρατηγοί).
845 498 932 537 Sl'.

211 555 308 606 568,
334 565 370 604 7.
403 552 613 606 τελωνίαν]
651 553 869 593 Sententia
899 557 987 593 est:
1038 551 1208 598 Navem,
1242 567 1367 604 quam
1404 552 1506 605 reip.
1542 553 1672 602 dedit,

155 609 303 649 habuit
325 624 401 662 pro
422 608 611 662 pecunia,
633 623 715 661 qua
735 609 980 663 publicanus
1001 607 1150 660 aliquis
1177 608 1347 660 aliquod
1370 609 1546 662 vectigal
1568 609 1674 649 redi—

155 665 256 711 1nit;
292 680 373 718 qua
395 665 570 719 pecunia
592 665 728 705 soluta
745 666 814 718 jus
835 664 986 717 accipit
1003 678 1171 703 censum
1188 664 1367 717 aliquem
1390 669 1599 704 statutum
1619 666 1673 705 ab

156 721 447 761 invehentibus
472 736 506 761 e.
532 736 564 760 c.
594 735 750 761 merces
779 721 981 775 quasdam
1012 724 1088 759 aut
1119 719 1441 772 exportantibus
1468 720 1674 775 exigendi.

157 778 224 817 Sic
245 778 400 817 Midias
421 777 691 817 existimabat
712 782 807 830 post
829 790 976 817 navem
997 789 1022 815 a
1043 790 1086 815 se
1108 775 1208 829 reip.
1228 776 1428 816 donatam
1450 775 1674 816 immunem

150 834 239 887 jam
270 849 313 873 se
335 848 360 874 a
387 834 547 887 legibus
575 847 664 873 esse
692 838 735 873 et
762 833 884 873 licere
912 831 989 871 sibi
1018 831 1079 872 ita
1105 831 1289 885 grassari
1316 831 1357 870 in
1387 847 1603 886 quemque,
1627 838 1675 874 ut

154 890 361 943 publicani
392 890 526 930 solent
556 889 599 929 in
629 889 773 929 obvios
806 902 1004 943 quosque,
1036 888 1098 928 vel
1131 887 1253 928 licere
1287 887 1365 928 sibi
1396 903 1447 928 ex
1479 888 1548 929 illa
1578 890 1673 930 navi

155 951 375 999 quaestum
410 946 545 986 facere
577 945 802 999 ingentem,
831 949 879 985 ut
914 944 1126 998 publicani
1162 944 1331 998 triplam
1361 945 1423 985 vel
1455 945 1673 999 decuplam

154 1016 297 1042 rursus
319 1002 491 1056 exigunt
511 1017 537 1042 a
558 1001 716 1042 civibus
733 1016 825 1042 eam
846 1001 1077 1055 pecuniam,
1097 1015 1179 1055 qua
1195 1000 1371 1056 vectigal
1392 1002 1673 1044 redemerunt.

209 1114 492 1168 πεντηκοστὴν]
516 1114 631 1155 Citat
652 1114 692 1154 h.
714 1114 739 1154 l.
762 1114 1021 1167 Harpocrat.
1045 1128 1077 1154 s.
1094 1128 1131 1153 v.
1155 1114 1422 1165 Πεντηκοστή.
1456 1114 1650 1156 REISK.

209 1172 305 1224 568„
350 1183 408 1210 12.
453 1173 606 1221 ἱππικῆς
646 1187 732 1211 τινα
772 1169 1059 1224 πεντηκοστὴν]
1102 1169 1293 1219 Censum,
1332 1175 1380 1211 ut
1420 1170 1481 1211 ita
1522 1170 1674 1220 dicam,

151 1228 344 1281 aliquem,
373 1242 454 1281 quo
483 1227 677 1267 solvendo
708 1227 933 1267 redimeret
961 1226 1094 1267 otium
1122 1227 1184 1266 vel
1212 1226 1473 1268 vacationem
1500 1227 1673 1268 militiae

153 1285 370 1337 equestris.
414 1283 522 1324 Nam
542 1289 602 1332 ut,
621 1283 689 1337 qui
712 1282 1099 1337 quinquagesimam
1120 1283 1376 1336 dependunt,
1393 1298 1441 1323 eo
1461 1283 1673 1324 licentiam

153 1343 467 1394 consequuntur
507 1354 567 1388 eo,
606 1340 716 1394 quod
752 1340 994 1393 important,
1029 1354 1099 1379 seu
1137 1339 1335 1394 quicquid
1367 1339 1409 1379 id
1446 1344 1521 1388 est,
1555 1341 1673 1394 cujus

152 1411 300 1437 caussa
341 1396 728 1450 quinquagesimam
768 1395 1021 1449 dependunt,
1057 1396 1201 1436 utendi
1243 1396 1405 1435 fruendi
1439 1396 1580 1445 libere,
1615 1396 1674 1437 sic

154 1453 310 1493 Midias
343 1452 421 1493 sibi
458 1453 739 1506 persuadebat
776 1452 916 1492 danda
951 1452 1057 1498 navi,
1091 1452 1217 1492 veluti
1253 1453 1432 1505 quadam
1470 1453 1673 1506 quinqua-

150 1509 322 1563 gesima,
346 1524 389 1549 se
411 1509 672 1549 vacationem
692 1524 717 1550 a
746 1508 893 1548 militia
914 1508 1098 1561 equestri
1125 1508 1425 1562 impetravisse.
1489 1509 1581 1549 Aut
1602 1524 1673 1562 ap-

150 1566 279 1619 pellat
312 1566 370 1606 sic
403 1566 645 1606 tribunatus
681 1564 885 1619 equestris
921 1579 1072 1604 novum
1105 1565 1315 1618 quendam
1348 1565 1542 1614 reditum⁷
1575 1566 1674 1619 quia

151 1636 244 1661 cum
278 1622 371 1662 navi
413 1636 499 1669 sua7
538 1637 621 1676 qua
661 1622 747 1676 ipse
784 1621 1026 1669 vehebatur,
1061 1621 1233 1661 tametsi
1273 1635 1324 1661 ea
1356 1621 1529 1662 militiae
1563 1626 1674 1662 esset

150 1684 404 1723 consecrata,
442 1684 722 1718 mercaturam
755 1678 867 1718 velut
904 1678 1128 1718 exercebat
1159 1683 1201 1718 et
1236 1677 1349 1732 ligna
1379 1679 1670 1727 convectabat,

150 1734 300 1789 quibus
331 1739 523 1775 uteretur
553 1734 676 1782 domi7
706 1748 960 1788 quamquam
991 1734 1081 1787 ipsi,
1110 1738 1158 1774 ut
1188 1734 1399 1788 praefecto
1429 1734 1520 1774 alae
1551 1749 1672 1789 eque-

150 1791 259 1841 stris,
283 1790 432 1831 militia
457 1796 568 1831 esset
588 1791 846 1844 fungendum
867 1790 1051 1844 pedestri
1073 1804 1206 1844 neque
1227 1790 1371 1830 liceret
1392 1790 1671 1831 trierarchum

148 1862 284 1901 agere.
319 1847 512 1887 REISK.
576 1844 815 1888 Similitudo
852 1847 1018 1886 videtur
1053 1847 1156 1887 haec
1193 1861 1294 1887 esse.
1357 1846 1473 1887 Sicut
1508 1847 1671 1888 minuto

149 1904 339 1958 vectigali
362 1903 583 1944 redimitur
604 1904 723 1957 quasi
752 1919 777 1944 a
803 1903 973 1943 civitate
998 1918 1098 1943 usus
1123 1918 1370 1957 magnorum
1397 1904 1602 1944 honorum
1627 1909 1671 1944 et

148 1961 347 2000 mercium
368 1961 661 2013 pretiosarum,
685 1960 742 2000 sic
767 1959 923 2000 Midias
945 1959 1025 2000 hae
1046 1959 1296 2000 trierarchia
1317 1959 1474 2000 levibus
1496 1959 1669 2014 sumpti-

148 2017 226 2056 bus
254 2022 295 2057 et
328 2017 438 2056 nullo
470 2017 652 2070 periculo
684 2021 869 2070 peracta,
902 2015 1141 2056 libertatem
1175 2016 1252 2056 sibi
1284 2016 1462 2057 redemit
1492 2016 1669 2057 feriandi

148 2087 174 2113 a
194 2073 371 2113 molesta
392 2073 639 2126 praesertim
660 2072 843 2128 equestri
864 2072 1026 2113 militia.
1058 2074 1145 2113 SP.

204 2132 301 2183 568,
331 2142 392 2184 15.
417 2129 648 2183 ἀπεπλεῖτε]
682 2130 767 2170 Alii
798 2129 892 2170 libri
923 2131 1141 2169 ἐπεπλεῖτε.
1171 2130 1383 2169 ἀπεπλεῖτε
1416 2142 1559 2169 verum
1590 2133 1670 2178 est,

148 2190 190 2226 et
227 2200 356 2226 servo.
399 2200 486 2226 eccmv
526 2186 817 2235 renasceremini,
859 2200 947 2226 cum
987 2185 1167 2226 rediretis
1206 2185 1362 2225 domum
1408 2199 1495 2225 cum
1533 2186 1671 2226 classe.

147 2244 328 2282 ἐπιπλεῖν
368 2243 418 2282 de
459 2243 581 2283 hoste
622 2247 764 2296 potest
804 2242 885 2283 dici
926 2242 979 2282 ad
1020 2243 1166 2282 urbem
1206 2255 1300 2281 cum
1339 2242 1469 2281 armis
1507 2241 1669 2282 infestis

146 2299 451 2353 adnavigante:
485 2299 557 2339 sed
586 2300 772 2349 ἀποπλεῖ,
797 2299 867 2354 qui
895 2299 1062 2339 aliunde
1089 2299 1258 2338 domum
1285 2298 1516 2352 renavigat.
1551 2298 1605 2339 V.
1629 2313 1665 2339 v.

152 2357 217 2397 26.
251 2355 451 2395 REISK.

203 2413 298 2465 568,
329 2414 390 2451 16.
413 2411 608 2464 χάρακας]
632 2411 748 2452 Citat
772 2411 1028 2465 Harpocrat.
1052 2426 1087 2450 v.
1112 2410 1259 2461 Χάραξ.
1293 2408 1488 2449 REISK.

203 2469 298 2521 568,
329 2481 390 2518 17·
415 2469 619 2518 θυρώματα
641 2468 690 2510 ὡς
715 2467 851 2521 αὑτὸν]
876 2467 1053 2507 Asseros
1081 2467 1135 2507 ad
1164 2465 1527 2506 contabulationes
1554 2466 1665 2506 domi

148 2539 259 2564 suae.
293 2523 488 2564 RElSK.

205 2582 253 2623 ὡς
282 2580 419 2633 αὑτὸν]
454 2580 635 2619 Domum
663 2593 793 2619 suam.
856 2579 1095 2632 Opponitur
1121 2580 1174 2620 εἰς
1203 2580 1250 2618 τὰ
1272 2578 1367 2629 ἔργα
1394 2580 1441 2617 τὰ
1470 2579 1666 2630 ἀργύρεια.

149 2636 278 2678 SCH
277 2636 404 2676 xEF

203 2692 321 2746 ξύλα]
362 2693 507 2747 Tigna,
543 2692 723 2732 sublicas
758 2690 964 2743 ino-entes,
998 2690 1148 2743 quibus
1182 2694 1373 2730 uteretur
1406 2688 1446 2728 in
1482 2690 1666 2744 argenti—

146 2749 297 2789 fodinis
333 2749 417 2788 suis
454 2749 509 2789 ad
551 2747 837 2788 effulciendam
878 2722 1046 2786 humum
1090 2746 1130 2785 in
1171 2745 1382 2793 cuniculis,
1424 2759 1475 2784 ne
1515 2746 1666 2786 humus

147 2806 333 2859 perfossa
373 2806 633 2846 sublabatur
667 2803 858 2845 REISK
932 2803 1038 2843 Item
1078 2802 1131 2843 ad
1173 2802 1442 2855 excoquenda
1481 2802 1662 2843 metalla.

149 2861 400 2901 SGHAEF.

204 2919 300 2971 568,
322 2930 386 2959 20.
409 2921 460 2958 τῶ
483 2918 735 2971 καταπτύστῳ
758 2916 896 2971 τούτῳ]
922 2915 1115 2956 Recurrit
1136 2915 1281 2956 eadem
1303 2914 1344 2954 in
1365 2913 1462 2954 sede
1483 2913 1666 2968 positum

147 2989 185 3027 p.
209 2985 306 3028 570,
332 2986 367 3014 2.
402 2960 652 3016 SCHAEF.
