1997 3256
330 147 414 191 946
662 145 986 187 ADVERSUS
1020 145 1511 186 ARJSTOCRATEM.

388 252 481 304 678,
506 264 564 290 12.
592 251 722 301 Χάρης
746 251 836 300 ἧκεν
858 252 960 303 ἔχων
984 252 1068 292 τοὺς
1094 251 1243 304 ξένους]
1275 252 1479 291 Reversus
1505 251 1707 296 Athenas,
1731 256 1844 304 post-

332 322 456 361 quam
487 312 634 347 contra
660 307 945 361 Amphipolim
974 307 1134 354 missus,
1163 305 1279 360 jusso
1309 307 1449 361 populi
1482 322 1564 347 non
1596 308 1844 360 obsequens,

331 364 494 410 Chium,
510 363 705 402 Rhodum
722 369 764 403 et
785 363 889 403 alias
910 363 1067 403 insulas
1088 368 1130 403 et
1153 372 1288 403 terras
1305 369 1540 403 vexaverat.
1584 363 1690 402 Tum
1708 363 1844 402 denuo

332 420 559 473 imperator
587 419 742 459 electus
774 419 816 458 in
849 419 1111 472 Hellesponti
1144 419 1332 473 regiones
1363 419 1573 472 profectus
1595 424 1659 458 est
1682 418 1843 472 Olymp.

340 487 425 529 105,
457 489 510 529 3.,
545 490 672 528 (11111111
708 475 859 515 bellum
895 475 1047 515 sociale
1083 475 1319 515 exarsisset.
1379 475 1440 515 Cf.
1469 480 1702 528 argument.
1735 480 1841 514 orat.

333 532 495 571 Isocrat
528 532 578 571 de
600 546 699 585 pace
722 536 763 571 et
784 531 1007 585 Leloupius
1030 532 1084 571 ad
1108 532 1146 570 h.
1163 536 1268 571 orat.
1287 546 1324 585 p.
1339 543 1406 585 53.
1455 531 1572 570 Haec
1586 531 1844 570 YViniewskii

330 588 539 628 sententia
562 594 625 628 est
653 587 694 626 in
720 594 941 627 comment.
964 602 1004 640 p.
1027 602 1107 640 35„
1134 587 1304 627 Diodor.
1327 593 1386 633 16,
1413 601 1448 634 7.
1471 586 1696 627 afferentis.
1759 587 1843 625 Alii

329 659 438 691 vero,
471 644 754 684 narrationem
787 643 961 683 Diodori
995 648 1054 690 16,
1079 657 1145 697 34.
1171 643 1314 690 secuti,
1339 643 1641 683 Chersonesum
1673 643 1843 683 Chareti

328 705 502 740 censent
533 700 735 740 traditam
758 700 921 753 Olymp.
945 701 1034 747 106,
1057 715 1109 751 4..
1138 714 1261 754 quam
1293 699 1527 753 opinionem
1550 699 1605 737 W
1609 698 1845 738 iniewskius

329 757 513 796 refutare
544 757 684 796 studet
708 771 746 810 p.
772 770 859 808 194.
924 756 1061 806 Quare
1095 756 1162 801 illi,
1196 761 1242 796 ut
1276 755 1480 803 Reiskius,
1506 755 1630 795 verba
1663 755 1844 794 oratoris

330 813 423 862 ἧκεν
445 813 547 864 ἔχωυ
569 814 656 854 τοὺς
676 812 811 861 ξένους
830 812 1017 852 referunt
1038 812 1092 851 ad
1120 812 1161 851 id
1183 817 1359 865 tempus,
1384 826 1464 865 quo
1488 811 1644 851 Chares
1666 825 1717 850 ex
1740 811 1844 850 Asia

331 868 515 908 redierat
551 869 603 908 ab
642 869 869 915 Artabazo,
907 868 961 908 ad
996 882 1117 920 11116111
1153 868 1437 921 adjuvandum
1475 867 1550 906 sub
1586 867 1711 906 finem
1747 867 1843 906 belli

330 924 491 964 socialis
513 924 722 977 profectus
745 929 835 964 erat
858 938 951 963 611111
973 923 1114 977 copiis.
1168 925 1371 964 Fortasse
1393 923 1675 976 discrepantia
1697 923 1844 963 harum

331 980 634 1020 sententiarum
656 980 712 1019 sic
735 980 929 1027 solvetur,
953 980 985 1018 si
1016 979 1287 1019 statuerimus
1316 979 1435 1019 initio
1457 979 1551 1018 belli
1580 979 1741 1019 socialis
1762 979 1844 1018 foe—

331 1036 407 1076 dus
428 1051 453 1076 a
475 1036 656 1076 Charete
677 1051 770 1075 cum
793 1036 1061 1089 Cersoblepte
1084 1036 1134 1075 de
1156 1036 1361 1075 tradenda
1380 1036 1638 1075 Chersoneso
1659 1041 1841 1088 pactum,

331 1093 415 1139 sed,
449 1092 674 1132 inimicitiis
705 1093 794 1145 ejus
830 1092 871 1130 in
904 1092 1007 1131 duos
1043 1106 1161 1146 reges
1195 1097 1237 1132 et
1269 1091 1548 1132 Athenienses
1581 1091 1841 1137 durantibus,

330 1148 449 1188 finito
477 1148 641 1187 demum
670 1148 738 1188 illo
766 1148 873 1187 bello
899 1152 939 1187 et
968 1147 1088 1187 Sesto
1114 1153 1355 1202 expugnata
1386 1147 1495 1186 idem
1526 1152 1771 1187 renovatum
1801 1153 1843 1187 et

331 1204 625 1244 confirmatum
649 1204 787 1251 fuisse,
816 1219 896 1257 quo
930 1209 1130 1257 tempore,
1157 1209 1327 1243 auctore
1360 1203 1558 1250 Diodoro,
1585 1203 1767 1243 cleruchi
1800 1203 1842 1242 in

330 1260 420 1300 illas
451 1260 641 1315 regiones
672 1261 965 1300 mittebantur.
1015 1260 1068 1300 V.
1091 1259 1343 1300 Boehneckii
1367 1260 1537 1310 Quaest.
1560 1274 1598 1312 p.
1625 1272 1716 1312 727.
1740 1275 1779 1299 n.
1806 1272 1841 1299 2.

332 1317 390 1355 W
397 1316 566 1356 EBER.

390 1375 484 1424 678,
510 1386 573 1425 24.
602 1374 672 1422 τὴν
693 1373 920 1426 ἐπιστολὴν]
954 1374 1060 1412 Sunt
1085 1372 1232 1413 literae
1262 1386 1336 1425 per
1357 1386 1460 1425 quas
1485 1371 1536 1411 de
1560 1371 1673 1425 turpi
1695 1371 1842 1425 Cephi-

332 1429 468 1469 sodoti
491 1435 616 1482 pacto
638 1429 877 1469 nuntiatum
899 1434 974 1469 est.
1041 1429 1122 1468 Sed
1143 1443 1168 1468 a
1190 1443 1271 1482 quo
1293 1428 1500 1481 scriptan
1545 1427 1655 1466 Num
1676 1428 1729 1468 ab
1752 1428 1842 1481 ipso

333 1485 641 1539 Cephisodoto?
690 1485 862 1525 Dubito.
926 1485 1125 1525 Fortasse
1161 1486 1214 1525 ab
1250 1485 1339 1538 ipso
1376 1484 1658 1524 Demosthene
1689 1484 1752 1523 vel
1788 1485 1841 1524 ab

332 1541 415 1581 alio
438 1541 706 1595 Cephisodoti
729 1541 971 1581 trierarcho.
1026 1542 1074 1580 Id
1097 1541 1262 1594 quidem
1285 1540 1444 1587 mirum,
1469 1540 1579 1594 quod
1608 1545 1752 1580 orator
1772 1555 1844 1579 no-

332 1611 426 1637 men
447 1598 633 1638 auctoris
654 1598 823 1638 reticuit
851 1603 1019 1650 praeter
1040 1596 1394 1645 consuetudinem,
1416 1596 1664 1650 praesertim
1684 1596 1725 1636 in
1747 1596 1843 1636 affe-

332 1654 471 1693 rendis
504 1654 774 1694 documentis.
808 1654 1042 1692 WEBER.
1108 1653 1202 1692 Non
1237 1653 1340 1693 satis
1376 1667 1547 1692 caussae
1583 1658 1646 1692 est
1682 1667 1756 1692 cur
1791 1653 1843 1692 de

334 1709 614 1763 Cephisodoto
635 1710 836 1763 epistolae
857 1716 1026 1749 auctore
1049 1709 1213 1750 dubitet
1229 1709 1450 1748 Weberus.

390 1770 487 1817 679,
508 1779 568 1818 14.
595 1765 904 1819 ΣὙΝΘΗΚΑΙ]
929 1765 1133 1819 Designat
1156 1765 1255 1805 illud
1276 1765 1433 1811 foedus,
1452 1764 1503 1804 de
1517 1778 1598 1817 quo
1615 1779 1653 1817 p.
1671 1766 1765 1817 677,
1781 1777 1842 1805 12.

333 1821 526 1862 REISK.

389 1880 568 1932 679,15.
592 1877 768 1932 γράψας]
803 1877 1076 1918 Charidemus
1106 1882 1219 1930 puta.
1284 1876 1449 1917 Tribuit
1481 1876 1730 1917 Charidemo
1760 1876 1843 1916 foe-

333 1934 421 1981 dus,
437 1935 547 1987 quod
568 1935 692 1974 modo
713 1934 850 1973 iniisse
867 1934 1031 1974 dixerat
1053 1933 1362 1986 Cersoblepten.
1420 1933 1551 1972 Recte
1567 1946 1663 1972 vero
1681 1948 1688 1971 :
1718 1933 1843 1972 ambo

332 1990 441 2030 enim
462 1990 636 2030 eandem
658 2004 845 2029 caussam
874 1990 1055 2042 agebant
1077 1994 1119 2028 et
1143 1989 1415 2029 Charidemus
1437 1995 1527 2028 erat
1549 1988 1844 2042 Cersobleptae

331 2045 561 2098 imperator
582 2050 624 2085 et
645 2046 820 2099 legatus.
868 2045 1062 2085 REISK.

391 2103 485 2153 679,
508 2103 567 2141 18.
589 2100 782 2155 Ἰφιάδου]
819 2102 946 2140 Η11116
970 2101 1217 2141 Schaeferus
1239 2099 1435 2154 opinatur
1458 2100 1584 2140 fuisse
1614 2099 1843 2153 principem

331 2157 525 2196 factionis
547 2157 721 2196 Atticae
745 2156 853 2196 Sesti
885 2171 992 2196 1111116
1021 2171 1268 2209 oppressae:
1302 2156 1477 2209 ideoque
1505 2157 1595 2208 ejus
1622 2155 1751 2194 filium
1772 2156 1843 2194 ob-

333 2212 432 2251 sidis
462 2212 552 2251 loco
573 2212 614 2251 in
638 2212 859 2252 Thraciam
888 2213 1115 2252 abductum
1138 2226 1238 2256 esse.
1263 2226 1312 2251 ne
1334 2212 1432 2265 quid
1463 2212 1519 2251 illi
1551 2226 1689 2250 rerum
1720 2225 1843 2250 nova,-

331 2282 423 2306 rum
453 2268 710 2308 molirentur.
773 2268 834 2308 At
863 2267 895 2307 si
922 2268 1198 2307 Aristotelem
1221 2267 1346 2307 Polit.
1370 2278 1411 2322 5,
1432 2279 1470 2321 5,
1495 2282 1532 2320 9.
1554 2267 1775 2320 sequimur,
1808 2266 1843 2305 is

330 2323 410 2363 fuit
434 2324 733 2377 Abydenorum
763 2323 957 2377 princeps
981 2328 1023 2363 et
1045 2324 1129 2362 dux
1157 2323 1362 2363 factionis.
1406 2324 1468 2363 Cf.
1490 2324 1596 2362 Aen.
1622 2323 1739 2362 Tact.
1762 2322 1842 2361 Po-

330 2379 442 2419 liorc.
463 2394 498 2419 c.
521 2383 586 2418 225.
639 2380 704 2419 Ac
726 2379 945 2419 verisimile
967 2384 1030 2419 est
1052 2379 1275 2419 factionem
1305 2379 1393 2432 ejus
1417 2379 1584 2418 Sestum
1605 2392 1840 2430 occupasse,

331 2435 383 2474 de
406 2450 487 2488 qua
508 2449 552 2474 re
573 2450 608 2473 v.
632 2450 672 2489 p.
697 2437 792 2485 672.
826 2435 1061 2474 WEBER.

388 2493 482 2545 679,
509 2503 571 2544 23.
601 2491 908 2543 ΣΎΝΘΗΚΑΙ]
947 2490 1154 2544 Designat
1185 2490 1286 2529 illud
1317 2490 1476 2538 foedus,
1498 2490 1548 2529 de
1570 2503 1652 2542 quo
1680 2504 1720 2543 p.
1743 2490 1839 2541 677,

332 2559 353 2586 2
358 2558 398 2599 5.
420 2551 829 2586 connnemoraverat.
871 2546 1066 2586 REISK.

393 2604 487 2655 679,
518 2615 582 2655 25.
614 2602 735 2656 ἠξίου]
783 2602 948 2642 Scilicet
984 2601 1274 2655 Cersobleptes
1315 2601 1356 2640 in
1394 2601 1548 2641 tabulis
1589 2600 1712 2653 hujus
1748 2613 1842 2639 cum

332 2657 515 2698 Chabria
536 2657 649 2711 pacti
671 2657 863 2698 foederis.
905 2657 1097 2696 REISK.

388 2715 482 2765 679,
509 2727 573 2764 29.
595 2713 689 2763 πρὸς
709 2713 1078 2765 τὸνἈθηυόδωρον]
1113 2712 1385 2767 Jungendum
1416 2725 1498 2750 non
1523 2725 1617 2750 cum
1642 2716 1841 2764 sequente

330 2770 589 2820 παραδώσειν,
609 2769 681 2808 sed
703 2783 798 2808 cum
817 2769 1093 2822 praecedente
1109 2769 1250 2818 ὤμοσε.
1279 2768 1497 2820 juraverat
1510 2767 1841 2820 (Cersobleptes)

331 2824 374 2863 2⁶72
404 2839 546 2864 mames
572 2824 818 2864 Athenodori
843 2824 906 2864 vel
936 2825 971 2863 ei
994 2825 1120 2875 fidem
1141 2824 1414 2876 jurcgjm‘amlo
1438 2824 1608 2875 fecerat,
1640 2836 1717 2862 sese
1746 2822 1842 2862 velle

318 2879 462 2933 fllium
485 2879 685 2933 Iphiadae
705 2880 877 2920 tradere.
920 2880 1112 2919 REISK.

381 2935 456 2974 οὐδ’
473 2935 737 2988 ὑπισχνεῖται]
760 2937 1007 2987 ὑπισχνεῖται
1024 2934 1248 2988 opponitur
1263 2938 1506 2987 antegresso
1524 2935 1665 2983 ὤμοσε.
1699 2933 1841 2973 Antea
