1997 3256
316 155 399 198 876
709 156 952 196 WEBERI
987 156 1441 198 PROLEGOMENA

317 261 547 315 impelleret
568 261 610 301 in
631 276 723 302 eam
744 267 938 311 mentem,
962 267 1009 303 ut
1036 262 1172 316 ipsum
1194 264 1341 304 ducem
1363 279 1482 303 suum
1503 269 1707 305 crearent.
1771 267 1835 306 Ac

317 317 436 358 multi
459 322 591 366 erant,
615 318 684 373 qui
707 322 921 372 petentem
952 319 1201 373 adjuvarent
1225 334 1397 360 assensu
1424 335 1510 369 8110,
1535 321 1720 362 dicentes
1741 336 1836 362 eum

316 388 444 413 unum
465 389 553 414 esse
574 375 852 428 aptissimum,
877 375 947 428 qui
970 375 1242 429 Amphipolin
1264 390 1510 430 recuperare
1537 382 1691 431 posset,
1714 377 1836 418 adeo-

318 444 397 483 que
426 430 714 471 Aristocrates
753 445 802 471 eo
850 437 1116 484 processerat
1151 432 1317 481 favoris,
1350 437 1397 473 ut
1432 432 1544 473 illam
1575 433 1838 488 rogationem

316 486 370 525 ad
412 485 651 526 Charidemj
691 486 821 527 vitam
867 488 1092 527 tutandam
1138 487 1179 526 in
1222 492 1372 528 senatu
1411 488 1628 541 perferret.
1711 489 1836 530 Hanc

320 541 558 595 Euthycles,
590 548 817 596 antequam
847 544 902 583 ad
933 543 1130 597 populum
1160 543 1352 593 ferretur,
1381 544 1641 599 impugnavit
1670 546 1837 587 actione

317 600 566 648 παρανόμων,
589 599 724 639 libello
747 600 803 639 ad
823 600 1100 653 magistratus
1123 600 1376 640 constitutos
1399 601 1552 641 delato,
1606 602 1836 642 Accusatio

317 654 400 694 tria
440 655 581 709 capita
620 656 818 696 continet.
890 656 1079 695 Primum
1119 656 1173 696 ad
1212 656 1322 710 leges
1363 662 1405 697 et
1442 657 1601 710 judicia
1641 657 1837 711 capitalia,

317 715 496 764 spectat,
515 716 662 752 contra
684 727 790 765 quae
809 712 1120 752 Aristocrateln
1141 713 1359 753 contendit
1381 727 1550 767 rogasse
1569 729 1576 752 :
1611 714 1837 754 secundum

317 767 544 808 destinavit
566 768 818 821 reipublicae
839 768 1013 809 utilitati
1035 769 1267 823 providens,
1292 784 1341 809 ne
1368 769 1569 809 restituta
1590 769 1838 810 Chersonesi

317 824 522 876 possessio
545 825 680 864 denuo
702 825 973 878 perderetur:
1006 825 1047 864 in
1072 825 1201 865 tertio
1222 825 1465 866 examinans
1486 825 1670 879 singulas
1693 826 1837 867 Chari—

317 879 426 919 ‹lemi
458 880 569 920 vitae
602 887 744 934 partes
779 881 963 921 ostendit
998 895 1105 929 011111,
1136 881 1331 934 quoniam
1363 896 1437 921 1100
1467 881 1528 921 vir
1563 883 1696 922 bonus
1727 887 1839 923 esset

318 949 392 975 nec
423 936 529 976 bene
553 937 727 976 meritus
759 937 810 976 <le
841 937 1023 985 civitate,
1051 952 1131 977 non
1163 937 1335 991 dignum
1366 953 1456 978 esse
1488 938 1530 977 in
1561 953 1684 992 quein
1715 943 1838 979 tanta

317 1005 415 1031 cura
442 998 643 1044 quantam
666 994 787 1033 vellet
810 993 1098 1034 Aristocrates
1123 996 1393 1034 conferretur.
1456 994 1641 1045 Quorum
1672 1000 1837 1035 senten-

317 1047 420 1087 tiam
442 1047 474 1087 si
504 1049 688 1089 breviter
714 1050 1057 1103 comprehensam
1085 1050 1331 1090 concludor-e
1353 1050 1463 1099 velis,
1487 1051 1838 1104 quemadmodum

316 1103 405 1157 ipsc
426 1109 571 1144 orator
592 1104 801 1153 indicavit,
824 1105 949 1159 primi
978 1106 1126 1159 capitis
1153 1107 1423 1159 probationes
1447 1112 1542 1147 sunt
1572 1110 1639 1146 τοῦ
1661 1108 1835 1157 νομίμου,

316 1160 485 1199 Secundi
526 1164 593 1200 τοῦ
632 1162 912 1212 συμφέροντος,
954 1161 1069 1202 tertii
1110 1166 1177 1201 τοῦ
1219 1164 1377 1202 δικαίου.
1444 1162 1604 1216 Nempe
1645 1163 1836 1204 adhibuit

318 1216 624 1257 Demosthenes
656 1232 747 1258 eam
778 1217 988 1271 partiendi
1019 1217 1372 1266 consuetudinenn
1397 1233 1502 1272 quae
1534 1219 1576 1258 in
1606 1219 1836 1259 accusatio-

316 1272 437 1312 nibus
461 1275 694 1324 παραυόμωυ
716 1274 758 1313 111
787 1288 863 1313 usu
892 1279 996 1322 erat,
1019 1289 1044 1314 a
1071 1274 1311 1314 rhetoribus
1339 1280 1487 1315 notata
1512 1276 1562 1326 (v.
1588 1275 1643 1314 ad
1667 1276 1688 1327 ξ
1718 1277 1769 1327 1.)
1794 1280 1838 1315 et

317 1329 486 1369 Polluce
517 1332 556 1377 ὃ,
576 1345 643 1381 44.
708 1330 896 1370 Primum
927 1334 969 1370 et
998 1331 1172 1370 tertium
1200 1331 1478 1371 accusationis
1509 1335 1633 1384 caput
1666 1345 1717 1371 ex
1747 1346 1838 1385 pse-

316 1385 525 1439 phismate
556 1387 827 1440 deprompsit„
860 1387 1087 1426 secundum
1115 1387 1202 1440 ipse
1232 1387 1409 1427 addidit.
1484 1387 1677 1428 Pertinet
1708 1387 1838 1442 igitur

316 1442 452 1482 oratio
482 1457 563 1481 non
585 1443 639 1483 ad
669 1457 797 1482 unum
824 1457 966 1497 genus,
990 1443 1063 1482 sed
1091 1447 1217 1496 caput
1245 1443 1425 1497 primum
1450 1448 1514 1483 est
1538 1443 1702 1498 generis
1728 1444 1837 1497 judi-

316 1498 442 1545 cialis,
475 1498 517 1538 in
546 1499 727 1538 secundo
755 1499 964 1552 reperitur
992 1499 1321 1547 deliberativum,
1343 1500 1385 1538 111
1418 1499 1545 1540 tertio
1577 1500 1834 1541 demonstra-

317 1554 462 1603 tivum,
496 1555 607 1608 quod
638 1556 727 1608 jam
758 1563 919 1595 veteres
952 1556 1140 1595 rhetores
1177 1555 1607 1596 animadverteruntb.
1676 1557 1837 1610 Magna

315 1616 457 1651 autem
485 1616 579 1652 arte
609 1612 791 1665 amplam
819 1612 1055 1665 argumenti
1084 1612 1304 1652 materiem
1331 1612 1373 1651 in
1402 1612 1566 1667 singula
1595 1612 1733 1667 capita
1756 1613 1836 1653 dis-

317 1667 498 1721 positam
527 1668 816 1721 pertractavit,
840 1683 931 1708 eam
962 1668 1124 1708 dicendi
1154 1668 1361 1708 rationem
1385 1669 1608 1722 ingressusa
1639 1684 1759 1723 quae,
1788 1674 1837 1710 ut

317 1724 570 1764 Aristoteles
592 1724 730 1772 dicit⁰‚
756 1725 890 1764 tribus
913 1725 967 1764 ad
987 1724 1112 1765 fidem
1133 1725 1366 1765 faciendam
1394 1726 1518 1764 rebus
1541 1730 1603 1765 est
1633 1725 1754 1766 nixa:
1788 1730 1836 1766 ut

315 1794 387 1820 eos
413 1780 544 1829 nobis,
575 1781 644 1835 qui
672 1781 866 1829 audiunt,
896 1781 1187 1821 conciliemus:
1220 1786 1268 1821 ut
1295 1781 1337 1821 id
1367 1781 1477 1835 quod
1505 1796 1648 1821 verum
1678 1782 1733 1822 sit
1761 1786 1836 1822 aut

315 1842 519 1890 appareat
549 1851 649 1886 0880,
673 1838 1005 1878 demonstremus
1032 1852 1083 1878 ex
1111 1837 1172 1886 118,
1196 1852 1301 1891 quae
1330 1837 1372 1877 in
1401 1852 1564 1891 quaque
1592 1853 1636 1878 re
1663 1838 1717 1878 ad
1742 1853 1836 1892 pro-

315 1893 498 1933 bandum
523 1900 619 1934 sunt
645 1894 865 1948 apposita:
901 1899 947 1934 ut
974 1894 1101 1934 animi
1130 1908 1285 1942 eorum,
1309 1894 1419 1948 apud
1448 1908 1551 1948 quos
1573 1893 1759 1943 dicimus,
1781 1895 1836 1935 ad

316 1949 373 1998 id,
395 1951 506 2004 quod
527 1950 726 1997 volumus,
745 1955 1096 1991 commoveantur.
1158 1950 1267 1990 Nam
1289 1950 1435 1991 statim
1456 1951 1509 1991 ab
1532 1950 1652 1990 initio
1674 1950 1837 2005 Euthy-

316 2005 419 2045 clem
447 2007 688 2060 loquentem
719 2007 829 2055 fecit,
859 2012 906 2046 ut
935 2021 1056 2060 quem
1087 2007 1189 2046 nihil
1219 2012 1405 2047 moveret
1435 2012 1563 2061 atque
1592 2006 1837 2048 sollicitaret

316 2062 394 2101 nisi
422 2063 673 2116 reipublicae
702 2078 831 2109 cura;
867 2063 1015 2103 deinde
1044 2063 1159 2104 illata
1187 2077 1326 2103 rerum
1352 2063 1566 2104 Thraciae
1594 2063 1837 2104 narratione

317 2119 537 2159 ostendere
565 2120 726 2159 studuit
754 2119 1063 2160 Aristocraten]
1090 2120 1308 2174 rogatione
1330 2134 1404 2160 sua
1432 2119 1473 2159 id
1501 2134 1637 2174 agere,
1660 2125 1708 2160 ut
1728 2135 1836 2160 unus

317 2175 607 2229 Cersobleptes
643 2176 843 2229 majorem
879 2190 1003 2229 quam
1041 2176 1167 2216 ceteri
1205 2175 1415 2216 Thraciae
1448 2190 1565 2230 reges
1602 2176 1835 2229 potentiam

317 2231 627 2272 nancisceretur
653 2247 826 2286 eamque
857 2232 889 2271 si
918 2238 1065 2272 nactus
1096 2236 1218 2281 esset,
1241 2233 1439 2272 damnum
1466 2232 1711 2272 Chersonesi
1740 2232 1836 2272 civi-

315 2288 393 2327 bus
414 2294 746 2329 consecuturum.
812 2288 894 2328 Sed
915 2293 1008 2329 tota
1028 2289 1088 2328 vis
1109 2288 1298 2328 vincendi
1327 2289 1519 2342 ratioque
1543 2289 1750 2342 probandi
1771 2294 1836 2330 est

316 2343 357 2383 in
380 2345 710 2386 confirmatione.
774 2345 912 2399 Caput
933 2345 1113 2399 primum
1142 2345 1184 2384 in
1211 2345 1347 2399 legum
1370 2345 1609 2399 capitalium
1631 2345 1835 2400 interpre-

316 2400 477 2441 tatione
493 2402 828 2456 judiciorumque
844 2401 1088 2456 capitalium
1110 2401 1339 2456 originibus
1360 2406 1403 2442 et
1420 2401 1562 2442 officiis
1579 2401 1834 2455 exponendis

316 2462 517 2505 versatur,
559 2459 684 2498 rebus
717 2473 738 2498 e
779 2458 917 2512 prisca
953 2458 1209 2513 antiquitate
1249 2458 1392 2506 erutis,
1430 2473 1536 2511 quae
1575 2457 1835 2498 audientium

316 2513 476 2553 animos
508 2519 718 2555 tenerent:
751 2516 862 2569 quod
895 2529 978 2554 non
1008 2515 1115 2569 fugit.
1149 2514 1411 2568 Dionysium,
1443 2514 1511 2568 qui
1542 2514 1584 2554 in
1614 2514 1751 2554 libello
1783 2515 1834 2555 de

316 2570 426 2610 adm.
451 2570 489 2610 vi
519 2571 737 2612 Demosth.
762 2586 795 2611 c.
820 2583 889 2625 45.
913 2573 988 2623 ὁρῶ
1011 2572 1140 2619 αὐτὸν,
1158 2571 1307 2624 inquit,
1331 2573 1459 2611 εἴποτε
1486 2570 1607 2621 λάβοι
1628 2573 1836 2622 πράγματα

314 2627 570 2678 χαριεστέρας
599 2629 765 2678 δεόμενα
792 2631 1041 2678 κατασκευῆς,
1066 2628 1330 2679 πανηγυρικὴν
1359 2628 1488 2669 αὐτοῖς
1510 2627 1744 2667 ἀποδιδόντα
1769 2629 1835 2676 τῆς

314 2683 456 2732 λέξεως
487 2685 688 2735 ἁρμονίαν,
717 2685 766 2726 ὡς
796 2685 839 2724 ἐν
867 2685 917 2738 τῷ
943 2684 1266 2736 Ἀριστοκράτους
1293 2684 1479 2734 πεποίηκε
1505 2684 1625 2737 λόγῳ,
1648 2685 1834 2736 πολλαχῆ

358 2805 372 2825 b
388 2806 462 2836 Vid.
489 2807 623 2837 Aristid.
650 2807 710 2837 vol.
735 2817 765 2847 9.
788 2818 820 2847 p.
846 2807 920 2848 398.
946 2807 1039 2847 Aph-
1107 2806 1140 2836 δὲ
1166 2807 1198 2836 ἐν
1221 2808 1266 2844 τῷ
1286 2806 1343 2835 τὸν
1363 2805 1519 2844 ἀκροατὴν
1538 2804 1684 2835 διαθεῖναί
1705 2816 1778 2835 πως·
1804 2805 1835 2835 αἱ

316 2848 403 2878 thon.
423 2849 482 2878 vol.
504 2859 532 2879 2.
551 2860 582 2889 p.
601 2849 673 2889 678.
1107 2848 1139 2879 δὲ
1157 2849 1190 2879 ἐν
1213 2849 1297 2886 αὐτῷ
1316 2850 1361 2886 τῷ
1382 2846 1480 2887 λόγῳ,
1497 2847 1544 2878 διὰ
1560 2849 1617 2878 τοῦ
1638 2846 1789 2877 δεικνύναι
1814 2847 1834 2883 ἢ

359 2898 374 2915 C
394 2891 525 2922 Rhetor.
550 2902 576 2928 Ι,
596 2902 623 2930 2,
643 2903 672 2922 2.
706 2894 773 2922 Τῶν
796 2892 844 2922 διὰ
864 2894 921 2922 τοῦ
943 2891 1043 2930 λόγου
1097 2891 1260 2931 φαίνεσθαι
1302 2889 1465 2921 δεικνύναι,
1529 2891 1579 2921 Cf.
1614 2891 1754 2921 Ciceron.
1795 2891 1834 2920 de

312 2932 518 2971 ποριζομένων
541 2934 677 2965 πίστεων
698 2934 768 2973 τρία
793 2936 857 2971 εἴδη
881 2934 982 2965 ἐστίν·
1007 2936 1037 2965 αἱ
1108 2940 1187 2964 orat.
1210 2943 1236 2971 2,
1257 2942 1306 2973 27,
1329 2942 1396 2972 115-

313 2974 369 3010 μὲν
385 2975 444 3014 γάρ
459 2976 538 3006 εἰσιν
556 2978 587 3006 ἐν
604 2979 648 3014 τῷ
666 2978 730 3012 ἤθει
747 2979 803 3007 τοῦ
820 2975 982 3015 λέγοντος·
1009 2978 1038 3006 αἱ
