1997 3256
445 123 769 164 ADVERSUS
802 123 1298 166 ARISTOGITONEM
1334 125 1366 165 I.
1549 127 1662 167 1023

206 238 299 280 771,
325 229 390 270 26.
427 228 691 282 βουλόμενον]
726 228 891 270 Scilicet
926 232 1264 281 παιδοτριβεῖσθαι
1299 230 1361 270 vel
1396 231 1660 271 παιδεύεσθαι.

147 283 347 324 REISK.
408 283 542 324 Immo
582 284 704 338 plena
745 290 809 326 est
851 284 968 326 notio
1008 286 1231 326 verborum
1269 287 1520 337 βουλόμενον
1562 286 1662 327 εἶναι

145 341 329 391 πονηρόν.
362 338 618 380 SCHAEF.

204 407 299 448 77],
326 406 391 448 27.
419 397 701 451 παιδοτριβεῖν]
731 396 966 438 Subaudias
993 398 1089 450 πρὸς
1112 398 1182 448 τὴν
1207 399 1409 450 πονηρίαν.
1472 397 1662 439 Verbum

146 451 593 507 significantissimum:
625 454 741 494 sim'te‘o
750 455 866 507 fileto
887 468 911 493 α
923 454 1151 508 puerilibus
1171 455 1301 494 smmis.
1334 454 1583 495 SOHAEF.

206 520 299 561 772,
318 510 357 549 6.
378 509 998 564 μέσος-τελευταῖος-πρῶτος]
1018 511 1293 551 Memorabile
1315 516 1380 551 est
1399 515 1547 563 πρῶτος
1566 511 1658 552 loco

145 565 293 606 ultimo
324 565 534 618 positum:
572 580 670 606 nam
701 566 882 606 usitatus
912 567 1014 607 ordo
1046 572 1110 608 est
1140 567 1658 619 πρῶτος-μέσος--τελευ-

145 625 262 669 ταῖος,
286 621 359 670 vel,
384 622 496 675 quod
504 636 655 730 gprope
677 622 936 676 frequentius
963 623 1581 674 πρῶτος-τελευταῖος-μέσος,
1612 627 1659 664 ut

145 692 212 731 a.p
244 677 473 732 Theognid
533 710 541 718 .
577 680 729 729 πρῶτόν
761 695 803 718 τε
839 680 901 719 καὶ
934 681 1103 720 ὕστατον
1138 680 1180 720 ἔν
1214 696 1256 720 τε
1289 679 1481 730 μέσοισιν.
1518 679 1590 719 ubi
1621 694 1658 720 v.

147 733 357 774 Schaetsser
360 711 422 774 eet
446 734 625 774 Lobeck.
649 734 857 788 Aglaoph.
881 750 919 788 p.
944 745 1042 789 531.

205 801 298 842 772⁷
326 804 389 844 13.
412 792 548 841 νομίζω
580 792 621 830 δὲ
650 793 704 841 μὰ
735 792 822 833 τοὺς
853 791 962 833 θεοὺς
992 791 1071 831 οὐδ
1093 791 1141 831 ἂν
1172 790 1330 844 αἰσχίω]
1357 792 1411 841 μὰ
1438 791 1525 834 τοὺς
1552 791 1662 834 θεοὺς

144 847 266 887 abest
291 847 346 887 ab
371 847 486 888 lib1is
514 846 694 901 optimis,
725 847 797 887 sed
827 846 1065 888 defenditur
1089 847 1180 887 loco
1207 847 1411 887 simillimo
1437 862 1477 902 p.
1503 849 1554 901 78
1557 860 1645 901 5,
1651 879 1660 888 .

145 906 257 943 τοῦτο
280 902 377 944 δὀὐ
400 903 522 944 καλὸν
524 905 733 953 ,--νομίζω
755 905 797 944 δὲ
817 906 872 954 μὰ
892 904 979 946 τοὺς
1001 904 1111 946 θεοὺς
1132 903 1211 944 οὐδ
1232 904 1356 944 ὅσιον.

205 970 298 1013 772
326 970 390 1014 15
422 958 741 1013 προγράμματος]
776 961 819 1000 ἐν
850 958 880 1014 ῴ
909 961 1148 1012 προύτίθετο,
1179 977 1267 1012 περι
1303 961 1419 1001 τίνων
1450 963 1660 1012 συνῆλθον.

204 1083 298 1126 772,
328 1084 388 1125 17.
417 1073 491 1127 ὁδῷ
519 1074 694 1123 βαδίζειν
720 1072 820 1126 [καὶ]
851 1074 919 1113 ἐᾶν
946 1073 1023 1126 δεῖ]
1053 1072 1179 1127 Yulg.
1202 1073 1276 1128 ὁδῷ
1301 1073 1478 1123 βαδίζειν
1506 1074 1568 1113 καὶ
1594 1074 1663 1113 ἐᾶν

146 1132 216 1169 δεῖ.
278 1129 462 1169 Videtur
495 1143 657 1169 comma
689 1143 772 1169 una
807 1143 900 1168 cum
933 1131 995 1169 καὶ
1030 1129 1259 1170 tollendum
1292 1143 1394 1170 esse.
1456 1129 1515 1170 Et
1544 1129 1662 1169 uncis

146 1185 293 1225 inclusi
324 1187 397 1225 καί.
429 1192 576 1240 oportet
602 1200 666 1226 vos
693 1186 820 1226 sinere
848 1186 926 1226 ista
952 1199 1066 1226 suam
1093 1187 1201 1226 viam
1228 1186 1300 1235 ire,
1323 1186 1363 1225 h.
1384 1200 1419 1226 e.
1448 1185 1506 1226 nil
1534 1185 1663 1240 impe-

145 1242 234 1282 dire
266 1242 486 1295 quominus
517 1242 646 1283 istaec
677 1241 925 1296 improbitas
960 1242 1003 1282 in
1033 1242 1182 1284 itinere
1213 1256 1287 1282 suo
1323 1241 1526 1283 inoffenso
1557 1242 1663 1297 pede

145 1299 361 1352 procedat.
402 1298 597 1339 REISK.
658 1298 780 1349 Quod
816 1298 1009 1339 Reiskius
1045 1299 1236 1353 conjecit,
1274 1299 1317 1339 id
1351 1299 1487 1353 ipsum
1522 1298 1565 1338 in
1601 1315 1662 1351 γρ.

145 1355 276 1396 habet
308 1355 349 1396 S.
402 1355 486 1396 Sed
520 1369 618 1396 vera
650 1355 858 1409 scriptura
889 1357 963 1410 ὁδῷ
996 1357 1144 1406 βαδίζει
1183 1357 1244 1396 καὶ
1281 1357 1350 1395 ἐᾶν
1383 1358 1452 1405 δεῖ,
1487 1369 1593 1410 quae
1629 1355 1664 1395 si

147 1426 315 1452 sensum
335 1415 500 1465 spectas
522 1412 667 1452 eodem
687 1412 809 1461 redit,
832 1411 1031 1453 restituta
1053 1427 1074 1453 e
1095 1412 1211 1452 libris
1232 1411 1414 1466 optimis.

207 1479 300 1521 772,
325 1480 389 1508 20.
423 1468 645 1522 προειμένα]
683 1469 790 1519 Quae
821 1483 887 1508 vos
922 1469 1044 1510 nimis
1078 1469 1155 1510 late
1185 1482 1337 1520 serpere
1371 1474 1407 1509 et
1441 1468 1563 1509 nimis
1593 1468 1666 1509 diu

147 1525 278 1565 inulta
304 1524 538 1565 invalescere
563 1524 724 1565 sitistis.
766 1525 961 1565 REISK.

206 1592 299 1635 772,
325 1594 389 1623 22.
418 1582 681 1637 παραδόντας]
714 1581 934 1622 Sententia
959 1586 1024 1622 est
1054 1582 1185 1622 haec:
1217 1595 1360 1622 necesse
1387 1586 1439 1622 est
1468 1586 1522 1630 ut,
1542 1595 1664 1636 prae-

147 1637 350 1679 ter-habitis
372 1637 453 1692 (vel
465 1638 716 1692 postpositis)
739 1638 860 1678 malis
880 1637 963 1678 illis
987 1637 1330 1679 consuetudinibus
1353 1638 1408 1690 (h.
1432 1652 1466 1678 e.
1489 1651 1559 1678 eas
1581 1653 1665 1679 non

146 1695 380 1747 imitantes)
409 1701 508 1735 recte
533 1700 567 1734 et
590 1708 715 1735 severe
731 1694 940 1747 judicetis.
1001 1695 1135 1736 Notat
1163 1695 1277 1734 illam
1304 1694 1566 1747 quorundam
1591 1693 1665 1735 im-

147 1756 374 1806 portunam
404 1755 447 1792 et
478 1750 670 1791 vitiosam
700 1751 918 1791 lenitatem
949 1751 1193 1791 connivendi
1225 1755 1268 1791 et
1298 1750 1597 1799 dissimulandi,
1630 1751 1665 1791 si

148 1808 240 1862 quis
270 1807 457 1849 aerarius
488 1812 586 1848 ante
616 1822 699 1861 per.
694 1807 876 1848 solutum
905 1807 1156 1862 ieipublicae
1187 1822 1258 1848 eas
1289 1807 1514 1847 debitum
1504 1821 1547 1847 in
1575 1807 1666 1848 foro

148 1870 388 1905 versa1²²etu1
420 1869 462 1905 et
495 1878 663 1904 caussas
698 1869 870 1928 ageret:
914 1864 957 1903 id
990 1865 1102 1928 quod
1133 1879 1208 1918 per
1239 1864 1350 1915 leges
1383 1878 1466 1904 non
1498 1863 1664 1904 licebat.

151 1921 234 1962 Sed
251 1920 521 1975 Aristogiton
541 1920 664 1974 hujus
686 1920 868 1960 criminis
890 1935 985 1961 reus
1006 1921 1158 1975 agitur.
1181 1920 1375 1960 REISK.
1408 1922 1456 1960 τὰ
1478 1921 1545 1971 ἔθη
1567 1925 1666 1961 sunt

150 1992 258 2033 quae
283 1982 662 2018 commemorantur
683 1992 718 2018 v.
744 1990 781 2029 7.
823 1977 940 2018 Conf.
963 1992 1004 2032 p.
1029 1990 1122 2031 773,
1147 1978 1185 2017 8.
1219 1976 1473 2018 SCHAEF.

209 2046 303 2088 772,
328 2036 394 2076 26.
423 2035 666 2087 καταδείξας]
693 2033 733 2073 V
737 2034 921 2074 erbum
911 2049 953 2074 1n
981 2034 1059 2074 hac
1087 2049 1132 2075 1²e
1159 2033 1386 2089 proprium,
1408 2038 1457 2074 ut
1483 2033 1538 2074 ad
1565 2033 1666 2073 Ari-

149 2091 302 2132 stidem
327 2090 481 2139 notavi,
505 2105 587 2130 non
617 2091 814 2140 ἐπιδεῖξαι,
837 2095 885 2131 ut
911 2105 932 2132 e
953 2091 1154 2132 memoria
1182 2091 1318 2131 locum
1345 2090 1456 2130 hunc
1483 2089 1667 2130 recitans

151 2148 226 2188 dat
260 2148 549 2188 Theodoretus
585 2146 627 2186 in
659 2146 884 2188 Curatione
918 2148 1117 2188 Graecar.
1151 2147 1303 2188 Affect.
1334 2162 1374 2201 p.
1407 2158 1444 2199 7,
1472 2147 1535 2187 18.
1565 2146 1665 2187 edit.

151 2205 264 2259 Sylb.
297 2204 492 2245 REISK.
551 2203 770 2258 Aristoph.
804 2203 909 2244 Ran.
938 2217 1057 2258 1032.
1089 2203 1261 2256 Ὀρφεὺς
1294 2205 1367 2255 μὲν
1399 2205 1475 2256 γὰρ
1507 2202 1668 2245 τελετάς

151 2263 184 2302 θἸ
205 2263 296 2312 ἡμῖν
317 2262 511 2310 κατέδειξε
532 2263 666 2312 φόνων
687 2260 716 2298 τ’
740 2260 974 2312 ἀπέχεσθαι.

207 2317 396 2370 Ὀρφεὺς]
426 2317 546 2357 Haec
568 2331 619 2356 ex
640 2317 793 2370 hylmlo
816 2316 1000 2370 Orphico
1022 2317 1089 2358 62.

316 2372 455 2424 ”Ομμα
477 2374 597 2423 Δίκης
617 2373 753 2422 μέλπω
775 2374 1040 2424 παλιδερκέος,
1064 2373 1359 2424 ἀγλαομόρφου,

322 2429 346 2480 ἢ
368 2430 429 2469 καὶ
451 2429 576 2479 Ζηνὸς
597 2430 761 2470 ἄνακτος
783 2430 845 2468 ἐπὶ
867 2430 1007 2480 θρόνον
1031 2429 1135 2480 ἱερὸν
1156 2429 1224 2476 ἵζει

322 2487 536 2537 οὐρανόθεν
558 2488 763 2535 καθορῶσα
783 2486 874 2535 βίον
895 2488 1044 2536 θνητῶν
1063 2485 1318 2536 πολυφύλων.

152 2547 291 2585 sumta
315 2556 404 2582 esse
431 2541 593 2595 opinati
622 2546 719 2581 sunt
743 2541 958 2595 TaJIOruS,
982 2541 1203 2581 Ruhnken
1227 2540 1306 2594 Ep.
1329 2539 1421 2580 crit.
1446 2552 1484 2581 2.
1506 2555 1545 2594 p.
1571 2551 1667 2605 230.

152 2605 195 2641 et
225 2599 517 2640 Hemster.hus
540 2612 606 2662 ap.
630 2597 807 2638 A1²n.ald
833 2598 884 2637 de
913 2597 991 2637 diis
1021 2597 1223 2649 παρέδροις
1249 2611 1285 2636 e.
1310 2609 1376 2650 23.
1403 2612 1443 2651 p.
1466 2598 1557 2651 156.
1579 2597 1668 2651 qui-

150 2657 229 2697 bus
263 2659 484 2710 1²‚epugnat
523 2654 592 2708 qui
628 2659 766 2694 totam
802 2654 909 2694 hanc
946 2654 1195 2708 hjmnorum
1230 2652 1483 2707 farraginem
1517 2658 1668 2707 poetae

151 2713 243 2755 aevi
277 2711 498 2767 Byzantini
532 2710 693 2759 tribuit,
733 2710 912 2750 Lobeck.
951 2710 1160 2765 Aglaoph.
1196 2724 1235 2763 p.
1246 2722 1366 2804 d.392
1396 2711 1506 2763 396:
1545 2724 1669 2764 quem

151 2774 323 2824 poetam
344 2767 597 2809 sententiam
618 2767 730 2807 illam
751 2766 934 2807 indidem
958 2766 1167 2820 accepisse
1187 2766 1272 2805 und
1275 2780 1298 2806 e
1318 2765 1442 2819 hujus
1467 2765 1669 2807 orationis

152 2825 333 2879 scriptor
361 2824 567 2873 sumserit,
595 2824 648 2864 ab
675 2823 854 2876 Orpheo,
885 2823 935 2863 de
965 2837 1046 2876 quo
1075 2822 1248 2863 Proclus
1275 2822 1329 2862 ad
1359 2821 1469 2862 Plat.
1498 2821 1604 2862 Tim.
1625 2832 1668 2875 5.

151 2896 192 2936 p.
218 2895 315 2936 310.
350 2882 372 2932 ἡ
401 2882 498 2931 Δίκη
532 2881 640 2921 ἐστὶν
670 2879 814 2922 ὀπαδὸς
844 2882 912 2920 Τοῦ
939 2880 1033 2922 Διὸς
1063 2880 1114 2922 ὥς
1144 2884 1267 2930 φησιν
1291 2877 1461 2930 Ὀρφεύς
1490 2881 1595 2933 “Τῳ’“
1627 2879 1669 2918 δὲ

154 2940 253 2989 Δίκη
274 2938 512 2980 πολύποινος
535 2936 771 2989 ἐφέσπετοΫ
791 2940 835 2977 et
856 2935 898 2976 in
921 2935 1066 2977 Theol.
1090 2937 1128 2985 6,
1153 2935 1190 2976 8.
1212 2949 1252 2989 Ρ.
1269 2935 1365 2988 363.
1388 2934 1458 2986 ἤδη
1481 2934 1668 2986 βασιλεύ-
