1997 3256
332 160 414 200 784
917 156 979 196 IN
1014 156 1265 196 MIDIAM.

327 264 423 312 ὁρᾶν
457 260 498 300 111
533 260 725 314 Epistola
762 261 981 300 Demosth.
1012 273 1051 313 3.
1086 276 1126 313 p.
1163 260 1281 310 1478.
1316 261 1354 299 τί
1386 258 1526 308 δήποτε
1562 259 1634 310 οὐχ
1669 259 1768 308 ἑώρα
1803 259 1848 296 τὰ

327 318 453 357 δίκαια
466 320 609 361 ταῦτα;
644 316 787 370 quidni
803 330 941 355 earum
959 316 1081 369 lefyzmz
1100 316 1294 355 rationem
1309 314 1472 354 habebat
1487 316 1505 353 .9
1538 314 1648 354 Plat.
1665 312 1847 352 Phaedr.

327 388 364 427 p.
392 376 468 422 267
495 388 534 412 a.
562 375 704 412 Τισίαν
727 374 767 411 δὲ
794 373 964 423 Γοργίαν
994 389 1037 411 τε
1066 371 1236 421 ἐάσομεν
1265 372 1400 417 εὕδειν,
1430 371 1466 409 οἳ
1492 370 1564 420 πρὸ
1590 374 1666 409 τῶν
1692 370 1849 417 ἀληθῶν

327 432 375 468 τὰ
411 430 540 468 εἰκότα
577 428 680 468 εἶδον
713 429 762 470 ὡς
797 429 955 477 τιμητέα
989 431 1158 477 μᾶλλον.
1195 427 1283 466 SP.
1350 426 1410 466 Cf.
1438 425 1557 465 Jens.
1589 425 1645 466 ad
1678 424 1848 464 Lucian.

328 484 437 524 Dial.
464 485 595 524 Mort.
623 497 685 531 ΙΙ,
709 499 748 532 4.
782 484 894 523 Add.
925 483 1123 523 Simonid.
1157 483 1208 522 de
1239 481 1479 521 mulieribus
1509 483 1575 521 80.
1609 483 1716 521 ἀλλὰ
1746 480 1850 519 τοῦθ’

329 542 401 593 ὁρᾷ
425 541 485 579 καὶ
503 544 615 579 τοῦτο
637 543 769 579 πᾶσαν
786 540 930 590 ἡμέρην
946 541 1180 589 βουλεύεται
1199 539 1295 580 ὅκως
1316 539 1354 577 τί
1372 536 1407 590 χ’
1424 539 1473 578 ὡς
1493 537 1684 588 μέγιστον
1702 537 1850 587 ἔρξειεν

330 599 461 636 κακόν.
495 596 720 635 BUTTM.

385 664 483 705 534,
506 665 545 702 4.
570 650 770 705 αὐτόχειρ]
789 650 896 702 ‘'Opa
918 652 1020 692 ὅπως
1045 650 1088 689 τὸ
1110 653 1186 689 τῶν
1208 650 1463 700 ἀνδροφόνων
1485 650 1608 697 ὄνομα
1631 648 1767 697 ἔθηκεν
1788 648 1850 687 ἐπὶ

329 711 405 747 τῶν
432 710 640 759 ὑβριστῶν,
666 708 780 758 ἐγγὺς
807 710 928 746 ποιῶν
955 707 998 745 τὸ
1019 706 1284 755 πλημμέλημα
1313 707 1417 755 παρὰ
1439 707 1571 749 ταῦτα,
1596 705 1629 743 εἰ
1657 703 1850 753 ἐκβάλλει

329 768 396 802 τοῦ
417 767 537 815 χοροῦ
557 763 624 802 τὸν
647 763 899 803 διδάσκαλον.
963 762 1030 801 Sic
1053 762 1156 801 scite
1180 761 1400 814 Ulpianus
1466 761 1553 799 Sl).

385 832 481 872 5⁴34.
501 830 539 871 5.
558 820 624 858 οὐκ
642 819 991 867 οὗν-φροντίζειν
1007 817 1040 871 ς]
1062 818 1197 868 Quum
1221 816 1393 863 Sannio,
1413 815 1481 868 qui
1502 814 1683 854 Athenis
1701 814 1850 854 choros

327 875 511 928 tragicos
544 875 693 914 docere
730 874 876 913 solitus
911 874 1059 920 fuerat,
1099 878 1141 912 et
1173 872 1381 912 Aristides
1416 871 1583 924 quidam
1621 871 1851 919 ἀστρατείας

329 930 517 970 (111111111111
544 935 683 969 0330111
719 935 761 969 01
794 929 1070 975 11111110111111113,
1098 928 1258 982 legibus
1289 928 1453 981 spretis,
1483 927 1654 965 chorum
1686 925 1751 965 ille
1779 925 1850 964 do-

329 991 454 1033 ceret,
491 985 556 1025 1110
597 986 781 1033 duceret.
818 990 959 1025 tamen
997 998 1066 1024 eos
1107 984 1365 1024 aemulorum
1400 984 1678 1035 choragorum
1715 995 1848 1028 nemo,

330 1041 518 1094 quamvis
559 1041 758 1081 victoriae
799 1040 1023 1086 studiosus.
1067 1040 1169 1079 haec
1210 1040 1346 1079 facere
1387 1038 1651 1092 prohibebat.
1724 1037 1849 1077 Hanc

330 1098 605 1150 choragorum
633 1097 882 1136 modestiam
912 1097 1073 1135 confert
1102 1096 1258 1136 Orator
1288 1109 1382 1135 cum
1411 1094 1569 1134 Midiae
1600 1093 1847 1146 petulantia,

328 1168 354 1193 a
395 1167 488 1206 (1110,
532 1153 712 1206 privam,
753 1152 852 1206 ipse,
895 1152 1113 1206 choragiis,
1155 1151 1345 1205 pulsatus
1386 1151 1543 1190 fuisset.
1598 1149 1847 1189 SEAGER.

329 1210 453 1249 Βίαν.
477 1209 636 1248 Classic.
659 1212 727 1262 56.
749 1223 788 1261 p.
815 1221 908 1260 259.

385 1278 481 1318 534.
507 1268 544 1304 6.
580 1266 722 1304 ταυτὸν
760 1270 876 1315 (nam
913 1263 969 1303 sic
1002 1268 1164 1303 veteres
1205 1262 1423 1310 editiones,
1458 1276 1538 1301 non
1581 1262 1710 1311 ταυτί)
1746 1263 1850 1312 παρὰ

328 1321 446 1373 τοῦθ]
478 1321 620 1360 Solum
649 1324 754 1370 παρὰ
785 1320 884 1359 τοῦτ’
907 1320 1036 1359 habet
1059 1321 1169 1369 Aug.
1197 1319 1367 1372 primus.
1430 1317 1526 1358 Sine
1555 1317 1681 1357 dubio
1709 1318 1850 1356 ταυτὸν

329 1382 475 1416 1111111111
510 1382 573 1416 031
603 1391 624 1416 0
652 1376 768 1416 varia
799 1375 975 1415 lectione
1008 1371 1148 1428 super*
1165 1375 1243 1414 hoc
1280 1373 1378 1414 τοῦτ’
1408 1373 1633 1427 adscripto.
1696 1372 1851 1412 Lector

329 1433 478 1485 aliquis
501 1447 625 1486 super
646 1435 749 1483 παρὰ
770 1431 869 1471 τοῦτ’
894 1431 1081 1481 οἰομένων
1102 1431 1325 1484 scripserat
1355 1429 1457 1469 ταῦτ’
1482 1430 1542 1476 ἂν,
1567 1429 1675 1468 uude
1703 1433 1850 1468 natum

330 1493 393 1528 est
416 1490 569 1528 ταυτόν.
619 1490 709 1528 Α1111
731 1492 876 1527 natum
900 1487 941 1526 id
964 1492 1027 1527 est
1050 1501 1071 1527 e
1094 1489 1197 1537 παρὰ
1218 1486 1337 1526 ταῦτά
1359 1486 1394 1537 γἻ
1417 1486 1618 1536 οἰομένων.
1651 1484 1848 1524 REISK.

332 1544 445 1584 Satis
476 1544 704 1597 probabilis
737 1543 895 1583 Reiskii
928 1542 1172 1596 disputatio,
1206 1542 1357 1589 ταυτὸν,
1391 1543 1497 1581 ταυτὶ
1523 1547 1602 1581 010.
1631 1541 1733 1580 nihil
1760 1555 1851 1580 esse

330 1600 442 1639 aliud
465 1615 588 1654 quam
618 1601 894 1650 διττογραφίας
921 1598 1016 1638 111110
1044 1598 1142 1638 τοῦτ’
1167 1598 1317 1638 allitas.
1382 1598 1464 1637 Sed
1486 1597 1621 1650 ipsum
1649 1597 1726 1636 hoc
1749 1595 1847 1636 τοῦτ’

330 1670 476 1696 vereor
509 1660 555 1696 ut
592 1656 645 1695 ab
681 1655 859 1695 Oratore
890 1656 1122 1708 profectum
1155 1654 1220 1699 311,
1255 1654 1323 1707 qui
1355 1653 1456 1693 mihi
1488 1653 1653 1706 quidem
1684 1652 1849 1692 videtur

333 1711 545 1765 scripsisse
580 1711 697 1751 ταῦτ’.
762 1712 897 1764 Supra
938 1711 1047 1750 enim
1087 1725 1170 1749 non
1207 1711 1256 1749 de
1298 1725 1382 1750 una
1422 1723 1466 1749 re
1502 1709 1653 1763 agitur,
1690 1708 1763 1748 sed
1799 1709 1850 1748 de

333 1768 506 1814 (1111111113,
529 1782 604 1821 per
625 1782 727 1820 quas
751 1767 1054 1806 Demosthenes
1084 1767 1151 1806 hic
1173 1766 1233 1806 ait
1257 1771 1370 1806 stare
1391 1765 1588 1819 potuisse,
1613 1779 1693 1818 quo
1714 1764 1850 1804 minus

331 1823 590 1877 antichoregi
618 1823 792 1863 victoria
824 1823 1074 1876 potirentur.
1104 1822 1158 1861 V.
1181 1837 1221 1876 p.
1243 1835 1340 1876 533,
1366 1823 1403 1861 8.
1433 1827 1475 1861 et
1501 1834 1564 1861 21.
1599 1820 1848 1861 SCHAEF.

333 1879 681 1933 Dittographiam
710 1879 836 1918 etiam
859 1879 1079 1918 Dobraeus
1104 1878 1285 1932 agnovit,
1310 1878 1427 1931 cujus
1456 1891 1537 1916 non
1566 1876 1849 1931 improbabilis

333 1936 573 1988 conjectura
595 1940 659 1975 est
682 1935 888 1988 duplicem
916 1934 1137 1974 lectionem
1157 1934 1296 1982 fuisse,
1319 1934 1495 1974 alteram
1521 1935 1636 1988 ταύτῃ
1659 1933 1721 1983 (in
1743 1934 1850 1972 ταυτὶ

333 1993 608 2044 corruptam).
632 1991 810 2031 alteram
833 1993 936 2041 παρὰ
957 1990 1072 2030 ταῦτ’.

388 2049 508 2099 παρὰ]
538 2047 663 2086 Valet
678 2054 859 2100 propter,
875 2061 963 2099 per,
988 2052 1035 2086 ut
1063 2046 1175 2086 Xen.
1198 2046 1249 2085 de
1273 2046 1387 2099 Mag.
1416 2045 1495 2098 Eq.
1519 2058 1550 2091 1,
1573 2056 1612 2098 5.
1638 2044 1704 2096 (de
1724 2043 1850 2084 facili-

332 2107 422 2143 tate
451 2103 491 2142 in
522 2117 674 2154 equum
703 2102 927 2151 insiliendi)
958 2106 1124 2143 πολλοῖς
1154 2104 1227 2153 γέιρ
1257 2103 1327 2151 ἤδη
1355 2103 1376 2151 ἡ
1409 2103 1578 2151 σωτηρία
1607 2103 1711 2150 παρὰ
1738 2103 1849 2139 τοῦτο

333 2158 500 2209 ἐγένετο.
525 2158 636 2197 Plut.
660 2157 818 2197 Camill.
845 2159 909 2197 23.
971 2158 1030 2196 Οὐ
1051 2158 1126 2206 μὴν
1147 2160 1251 2207 παρὰ
1273 2161 1385 2196 τοῦτο
1412 2157 1537 2209 (quod
1566 2156 1720 2196 scilicet
1743 2155 1850 2195 male

332 2218 425 2253 erat-
457 2213 763 2261 obsidentibus)
803 2215 950 2260 βελτίω
983 2215 1030 2252 τὰ
1065 2213 1273 2263 πράγματα
1304 2217 1383 2253 τοῖς
1415 2212 1758 2262 πολιορκουμένοις
1788 2212 1848 2261 ἦν.

333 2269 536 2309 Dinarch.
553 2283 586 2308 c.
604 2268 726 2308 Dem.
750 2283 788 2321 p.
814 2283 879 2321 99.
905 2281 970 2308 21.
995 2270 1098 2318 παρὰ
1120 2270 1157 2307 τί
1183 2270 1314 2307 οἴεσθε
1340 2271 1408 2309 τὰς
1429 2269 1564 2308 πόλεις
1591 2269 1678 2306 τοτὲ
1698 2268 1772 2317 μὲν
1794 2268 1847 2314 εὖ,

332 2327 419 2365 τοτὲ
445 2327 485 2364 δὲ
511 2326 669 2376 φαύλως
697 2324 901 2373 πράττειν;
936 2324 1235 2377 respondetur:
1271 2326 1375 2375 παρὰ
1396 2323 1483 2364 τοὺς
1512 2324 1762 2372 συμβούλους
1788 2324 1849 2362 καὶ

332 2382 418 2422 τοὺς
448 2382 653 2431 ἡγεμόνας.
715 2379 936 2419 Demosth.
964 2379 1071 2418 Phil.
1101 2379 1136 2418 Ι.
1165 2394 1205 2432 p.
1231 2392 1298 2432 43,
1331 2392 1390 2432 15.
1430 2380 1473 2417 οὐ
1502 2381 1576 2429 γὰρ
1605 2379 1716 2419 οὗτος
1745 2381 1850 2429 παρὰ

332 2437 402 2486 τὴν
429 2439 545 2475 αὑτοῦ
571 2437 700 2486 ῥώμην
729 2439 915 2474 τοσοῦτον
948 2437 1154 2484 ἐπηύξηται
1185 2437 1282 2474 ὅσον
1313 2437 1417 2484 παρὰ
1442 2435 1511 2483 τὴν
1541 2433 1732 2484 ἡμετέραν
1757 2435 1849 2483 ἀμέ-

332 2498 455 2532 λειαν.
519 2491 575 2530 Et
604 2491 645 2530 in
674 2496 819 2530 nostra
841 2505 899 2530 Or.
929 2506 968 2544 p.
992 2502 1088 2544 545.
1122 2494 1243 2530 ταῦτα
1267 2490 1465 2529 πέπονθεν
1493 2491 1567 2529 ὑπὸ
1590 2493 1656 2528 τοῦ
1685 2492 1849 2529 Μειδίου

332 2552 437 2598 παρὰ
472 2548 541 2596 τὴν
577 2548 715 2586 πενίαν
753 2548 813 2586 καὶ
846 2547 916 2595 τὴν
949 2549 1110 2597 ἐρημίαν
1143 2565 1174 2585 κ.
1204 2563 1236 2585 τ.
1271 2547 1303 2584 ἑ.
1367 2546 1432 2584 Ex
1470 2546 1617 2599 quibus
1650 2545 1849 2598 exemplis

333 2604 524 2644 omnibus
547 2602 802 2655 cognoveris,
830 2605 934 2652 παρὰ
962 2617 1044 2641 non
1072 2607 1161 2642 tam
1190 2600 1432 2654 simpliciter
1460 2614 1645 2641 caussam
1674 2600 1757 2639 sive
1784 2615 1848 2640 ra-

332 2660 488 2699 tionem
510 2658 706 2700 indicare,
730 2658 803 2697 sed
830 2657 889 2696 rei
915 2662 1171 2697 momentum
1194 2657 1256 2696 vel
1280 2671 1437 2704 ansam,
1461 2662 1503 2696 et
1524 2656 1635 2703 illud,
1659 2655 1745 2695 sine
1767 2671 1848 2709 quo

333 2730 431 2755 vera
454 2728 600 2753 caussa
621 2713 767 2752 efficax
788 2727 870 2752 non
892 2713 1012 2753 foret.
1047 2713 1272 2752 BUTTM.

389 2784 484 2822 534,
514 2783 577 2817 14.
599 2770 657 2808 ὅτι
678 2768 750 2821 τῳ]
775 2770 848 2821 ὅτῳ
870 2769 933 2808 vel
957 2771 992 2808 εἴ
1009 2786 1060 2821 τῳ
1083 2768 1288 2808 Reiskius.

342 2832 345 2835 “
389 2839 485 2878 534,
518 2838 576 2877 15.
599 2824 863 2874 προσέκρουσε
889 2825 950 2863 καὶ
973 2824 1110 2875 ἐχθρὸς
1136 2823 1304 2876 ὑπῆρχε]
1330 2821 1606 2861 Abundantia
1627 2822 1847 2862 verborum

333 2881 531 2921 oratoria.
566 2880 619 2918 V.
639 2879 865 2918 Dorvillius
886 2880 939 2919 ad
962 2879 1175 2919 Chariton.
1195 2893 1233 2931 p.
1252 2888 1349 2931 577.
1366 2877 1429 2916 ed.
1450 2877 1561 2930 Lips.
1597 2877 1846 2917 SCHAEF.

391 2949 488 2989 534,
517 2936 577 2974 16.
603 2936 777 2984 ἐπίτιμοι·
799 2934 913 2988 ὄντα]
946 2935 1258 2987 Interpretatur
1290 2932 1484 2972 Reiskius
1514 2932 1555 2971 in
1589 2932 1730 2972 Indice
1759 2938 1783 2956 ‘⁴
1807 2933 1849 2972 in
