1997 3256
503 136 824 176 ADVERSUS
861 136 1340 177 ARISTOGRATEM.
1600 139 1683 181 909

172 243 346 297 Lysiaca
373 257 520 283 caussa
545 248 692 283 contra
722 243 970 295 Agoratum,
1000 248 1127 296 atque
1154 243 1248 282 hinc
1277 244 1456 283 fortasse
1484 241 1683 295 explicari

168 303 308 353 potest
344 299 409 338 hie
441 299 555 338 locus
593 299 897 345 Demosthenis,
932 314 1053 352 quem
1088 299 1233 338 Meier.
1260 300 1381 338 Proe.
1407 299 1500 338 Att.
1523 313 1562 351 p.
1586 310 1681 350 309.

168 369 249 394 non
282 355 464 395 debebat
495 355 731 395 sollicitare.
766 355 1155 395 SOHOEMANN.
1217 355 1364 408 Antiq.
1389 354 1500 408 publ.
1524 369 1562 408 p.
1590 367 1680 404 290.

169 411 415 464 Conjecerat
458 412 642 451 Meierus
683 411 863 451 scribam
897 411 966 464 qui
1001 411 1206 451 Draconis
1242 411 1374 463 legem
1408 410 1680 450 l‡)e1nostheni

168 467 435 521 descripserit
457 469 731 508 ἐνδεικνύντων
752 482 826 521 per
847 482 1027 507 errorem
1050 467 1198 521 legisse
1217 462 1296 520 pro
1315 467 1605 506 ἐνκτιννύντων.

226 525 320 576 636,
349 537 407 563 11.
441 524 679 575 Δράκοντος]
716 524 767 562 V.
794 523 1010 563 Plutarch.
1036 524 1089 562 V.
1124 523 1260 562 Solon.
1295 537 1327 562 c.
1353 534 1408 575 17.
1462 522 1548 563 τοὺς
1579 521 1682 573 Δρά-

169 596 302 621 κοντος
329 582 467 629 νόμους
499 581 632 619 ἀνεῖλε
678 582 830 630 Σόλων)
857 580 961 628 πλὴν
982 583 1057 618 τῶν
1079 584 1249 630 φονικῶν
1271 580 1453 620 ἅπαντας.
1518 577 1681 618 Aelian.

169 635 222 675 V.
247 635 302 675 H.
327 636 363 683 8,
389 637 425 676 8.
460 638 519 675 καὶ
541 638 627 675 τότε
651 637 872 675 ἐπαύσαντο
893 636 1095 685 Ἀθηναῖοι
1126 636 1320 686 χρώμενοι
1341 639 1422 675 τοῖς
1445 633 1680 684 Δράκοντος·

168 693 380 731 ἐκαλοῦντο
418 694 458 731 δὲ
496 694 637 731 ἐκεῖνοι
674 693 825 741 θεσμοί.
884 692 1025 741 μόνους
1062 692 1102 730 δὲ
1141 692 1342 741 ἐφύλαξαν
1378 690 1465 731 τοὺς
1500 690 1684 740 φονικοὺς

168 749 294 787 αὐτοῦ.
357 748 443 787 Eas
475 748 660 801 integras
693 747 817 786 Solon
850 746 890 786 in
922 746 1090 786 tabulas
1120 760 1216 785 suas
1248 745 1535 793 transtulerat,
1560 746 1683 784 credo

167 808 308 843 tamen
330 804 528 843 nonnulla
549 806 662 843 faeta
683 803 927 849 mutatione,
951 817 1056 854 quae
1088 817 1170 841 non
1198 802 1251 842 ad
1284 802 1418 855 ipsum
1444 815 1588 841 earum
1618 816 1683 841 ar-

165 865 423 913 gumentum,
442 860 514 899 sed
535 860 589 899 ad
606 859 856 912 judiciorum
878 858 1184 898 institutionem
1206 863 1246 898 et
1265 872 1330 897 res
1351 872 1426 910 pro
1448 862 1683 910 temporum

166 916 329 956 ratione
351 915 603 955 necessarias
624 915 866 968 pertineret.
906 915 1043 965 Quare
1064 929 1146 954 non
1168 915 1311 968 probo,
1335 914 1447 967 quod
1471 914 1683 954 Matthiae

166 972 389 1012 miscellan.
416 972 555 1026 philol.
587 971 663 1011 vol.
695 985 727 1011 1.
760 986 799 1025 p.
829 982 918 1025 145.
953 986 992 1010 11.
1026 985 1065 1022 4.
1142 971 1468 1010 Demosthenem
1501 970 1566 1009 hic
1600 985 1683 1009 non

165 1028 268 1068 satis
299 1033 495 1068 accurate
526 1028 710 1068 locutum
741 1032 947 1068 autumat.
983 1027 1217 1066 WEBER.
1284 1026 1400 1067 Conf.
1433 1027 1486 1066 ad
1517 1041 1555 1080 p.
1585 1029 1682 1079 627,

170 1097 233 1125 20.

224 1143 320 1194 636,
346 1155 407 1194 13.
431 1140 766 1194 παρεγραψάμην]
811 1140 1009 1180 Recurrit
1045 1139 1152 1179 infra
1183 1154 1222 1193 p.
1248 1141 1342 1191 640.
1367 1141 1461 1191 691.
1514 1139 1680 1193 Leptin.

166 1212 205 1251 p.
229 1199 324 1249 487.
372 1198 554 1237 Androt.
588 1212 627 1251 p.
652 1200 746 1248 604.
780 1202 822 1237 et
854 1197 905 1237 de
935 1211 1074 1236 coron.
1113 1211 1150 1249 p.
1188 1198 1281 1248 263.
1343 1195 1451 1246 Quid
1485 1196 1683 1247 παραγρά-

168 1258 316 1305 φεσθαι
337 1255 477 1303 νόμους
494 1253 563 1302 sit,
579 1254 735 1307 optime
757 1254 879 1293 docet
902 1252 1107 1307 Seagerus
1123 1252 1177 1292 ad
1194 1267 1232 1305 p.
1250 1253 1345 1306 263,
1358 1265 1422 1292 20.
1452 1252 1682 1291 WEBER.

225 1312 320 1364 636,
345 1312 405 1349 16.
439 1311 463 1349 ἂ
498 1310 584 1361 παρ’
623 1312 826 1361 ἀμφότερα
861 1311 971 1350 οὗτος
1006 1308 1150 1362 εἴρηκε]
1190 1309 1286 1359 ἅπερ
1329 1310 1530 1360 ἀμφότερα
1570 1312 1682 1348 τοῦτο

168 1365 335 1417 ἀνῄρηκε
359 1366 665 1420 Lessingianus.
699 1366 892 1406 REISK.
953 1366 1035 1405 Est
1066 1364 1179 1404 scioli
1210 1366 1530 1415 παραδιόρθωσις,
1561 1379 1683 1417 quem

167 1422 407 1462 offendisset
429 1422 605 1462 inversio
628 1421 948 1486 praepositionis
969 1421 1086 1472 παρά,
1134 1421 1242 1460 Sane
1264 1435 1464 1473 perquam
1487 1421 1684 1460 notabilis

167 1484 232 1518 est
253 1478 319 1518 hic
342 1479 561 1518 ve1··b01um
583 1479 697 1526 ordo,
721 1478 824 1518 satis
855 1478 920 1517 ille
951 1477 1196 1517 convincens
1223 1477 1333 1529 quod
1355 1482 1404 1516 tr
1409 1477 1531 1516 idunt
1553 1477 1683 1517 Tech-

167 1535 260 1582 11161,
282 1535 495 1588 prosaicos
516 1535 759 1574 Atticorum
781 1534 1033 1588 scriptouim
1063 1548 1187 1573 unam
1218 1533 1568 1586 praepositionem
1595 1535 1688 1584 περί

169 1591 282 1631 casui
304 1605 377 1630 suo
398 1595 663 1644 postponere.
712 1591 833 1641 Quod
854 1595 995 1631 autem
1018 1591 1078 1628 01
1081 1594 1176 1630 ator
1196 1589 1300 1640 παρά
1322 1590 1361 1628 h.
1384 1589 1407 1628 l.
1431 1589 1681 1653 postposuit

167 1661 265 1687 cave
297 1647 442 1687 credas
473 1647 515 1687 id
545 1647 697 1702 ubique
726 1647 901 1687 licuisse.
965 1646 1131 1686 Scilicet
1152 1645 1340 1699 positura
1362 1646 1683 1709 praepositionis

166 1703 316 1743 inter
298 1721 322 1743 a
343 1708 386 1743 et
408 1705 610 1755 ἀμφότερα
632 1703 845 1744 excusavit
861 1703 1207 1756 aliquatenusque
1228 1701 1466 1742 obscuravit
1487 1701 1602 1742 inver
1605 1701 1682 1742 sio-

167 1774 273 1857 ne16n.
283 1760 558 1855 6SCHAEF.

225 1818 308 1869 636
347 1829 410 1870 ;1.3
444 1815 688 1869 επενεγκεΐν]
711 1816 1029 1856 Accommoclme.
1063 1816 1320 1855 SCHAEF.

224 1875 375 1926 637,1.
407 1874 620 1926 ΝΟΜΟΣ]
664 1873 807 1912 Allata
847 1873 925 1912 hac
958 1872 1047 1926 lege
1080 1871 1266 1911 ostendit
1299 1875 1453 1918 orator,
1488 1869 1529 1909 id
1571 1871 1682 1923 quod

166 1929 370 1982 reliquum
392 1934 495 1975 6Γ,111
518 1928 607 1967 11611
638 1928 765 1968 61111111
797 1943 917 1982 posse
945 1933 992 1968 ut
1021 1928 1129 1968 alter
1156 1928 1335 1967 alterum
1359 1926 1585 1966 interficiat
1607 1941 1681 1966 nec

168 1985 305 2025 caedis
327 1984 574 2039 postuletur,
597 1984 693 2037 quia
725 1985 848 2024 certis
881 1984 1190 2025 conditionibus
1218 1983 1370 2023 liceat
1361 1997 1527 2036 impune
1556 1982 1682 2022 inter-

166 2041 301 2081 ficeime
364 2042 452 2081 Eas
473 2046 626 2088 autem,
651 2056 718 2094 qu
708 2041 836 2081 ‘inivis
857 2041 946 2093 lege
967 2040 1182 2087 indicatas5
1208 2040 1400 2079 mis-tom·
1403 2044 1515 2078 atem
1544 2039 1584 2077 in
1608 2053 1682 2078 suo

166 2097 450 2151 psephismate
480 2096 722 2150 neglexisse,
746 2084 932 2151 ideoque
956 2102 1003 2136 ut
1024 2098 1264 2149 abrogetun
1288 2095 1328 2134 in
1351 2109 1567 2134 commune
1588 2109 1682 2134 con-

167 2153 333 2193 ducere
396 2153 499 2194 Cum
532 2152 669 2206 pr·i01e
702 2153 803 2207 legis
844 2159 964 2207 parte
1005 2128 1287 2206 comparanda
1328 2165 1433 2204 quae
1470 2150 1593 2190 Plato
1630 2151 1680 2190 de

166 2210 311 2250 eadem
342 2223 387 2249 re
419 2209 615 2249 dissentit
637 2210 672 2248 Ι
659 2224 740 2263 eg.
765 2224 801 2261 c).
825 2224 865 2262 p.
888 2210 969 2280 865
993 2210 1056 2248 A:
1093 2210 1128 2248 εἴ
1155 2225 1209 2250 τις
1239 2210 1281 2247 ἐν
1302 2209 1423 2258 ἀγῶιι
1456 2208 1516 2246 καὶ
1548 2208 1682 2248 ἄθλοις

167 2267 365 2316 δημοσιοις
395 2266 509 2313 ἄκων,
534 2267 609 2305 εἴτε
639 2283 874 2318 παραχρημα
906 2268 980 2305 εἴτε
1014 2266 1074 2304 καὶ
1106 2281 1148 2304 εν
1169 2264 1345 2314 ὑστέροις
1365 2264 1522 2315 χρόνοις
1544 2280 1585 2302 εκ
1607 2267 1682 2302 τῶν

167 2325 340 2391 πληγῶν,
379 2322 582 2361 ἀπέκτεινέ
613 2338 700 2361 τινα
737 2323 885 2372 φίλιον,
922 2340 944 2370 7]
979 2323 1075 2360 κατὰ
1109 2321 1284 2369 πόλεμον
1320 2320 1500 2359 ὡσαύτως
1532 2317 1553 2368 ὴ
1587 2321 1683 2358 κατὰ

166 2378 334 2427 μελέτην
358 2378 425 2426 τὴν
445 2378 540 2428 πρὸς
561 2379 746 2426 πόλεμον,
762 2377 1005 2426 ποιουμένων
1027 2377 1195 2425 ἄσκησιν
1215 2379 1290 2414 τῶν
1312 2375 1527 2426 ἀρχόντων,
1546 2379 1683 2425 ψιλοῖς

168 2435 348 2483 σώμασιν
365 2451 388 2482 η
418 2433 515 2482 μετά
547 2449 603 2472 τιι
607 2450 660 2472 ων
691 2434 824 2473 ὅπλων
853 2432 1175 2482 ἀπομιμουμένων
1203 2447 1272 2479 την
1293 2430 1508 2479 πολεμικην
1529 2433 1681 2480 πραξιν,

168 2490 372 2541 καθαρθεὶς
402 2491 498 2528 κατὰ
528 2488 595 2528 τὸν
618 2490 658 2527 ἐκ
682 2492 855 2539 Δελφῶν
878 2487 1112 2537 κομισθέντα
1143 2488 1229 2537 περὶ
1260 2487 1404 2525 τούτων
1434 2487 1553 2534 νόμον
1582 2486 1681 2524 ἔστω

170 2547 348 2596 καθαρός.
408 2544 643 2583 Adnotavit
666 2544 876 2583 Herahlus
907 2559 948 2596 p.
971 2554 1079 2596 353·
1114 2541 1339 2595 “Contigit
1360 2541 1609 2594 quandoque
1640 2540 1681 2579 in

168 2600 466 2641 celtaminibus
487 2600 673 2653 publicis,
693 2604 739 2639 ut
761 2600 930 2652 quidam
951 2600 1003 2638 ab
1027 2603 1139 2638 anta‘
1129 2598 1303 2651 gonistis
1324 2596 1509 2650 oppressi
1532 2597 1681 2636 ibidem

167 2671 359 2710 exspn‘n
361 2661 458 2696 ent
493 2656 604 2710 quod
633 2670 682 2709 pi
683 2655 852 2708 {mcipne
879 2654 1127 2695 accidebat
1118 2668 1159 2692 m
1181 2653 1370 2707 pugilatu
1394 2657 1435 2692 et
1456 2652 1681 2705 palaestra,

169 2728 262 2753 cum
294 2712 479 2766 pugilum
509 2718 552 2752 et
580 2711 810 2765 Ι)1111·1(.ς11111
813 2726 919 2750 trum
951 2710 1164 2764 pioprium
1193 2714 1302 2749 esset
1324 2710 1474 2760 ἄγχειν,
1496 2709 1681 2770 λυγίζειν,

169 2770 338 2818 θλίβειν,
372 2769 559 2819 βαρύνειν
592 2773 633 2807 61
667 2767 824 2806 simili-1..
829 2767 850 2779 “
912 2767 1221 2818 Nonnunquam
1256 2768 1553 2811 111111611,66116
1585 2763 1682 2816 quia

170 2824 324 2878 ambigi
350 2829 532 2877 potelat,
557 2838 638 2876 qua
666 2823 878 2862 v‹t)lunt1te
908 2822 1055 2862 caedes
1086 2825 1256 2874 patrata
1284 2824 1408 2867 esset,
1430 2820 1586 2858 factum
1617 2825 1681 2859 est

170 2884 231 2928 ut,
254 2879 323 2933 qui
343 2879 552 2920 alterum
543 2894 583 2918 1n
610 2879 905 2919 certaminibus
935 2878 1174 2930 imprudens
1206 2875 1494 2923 interemisset,
1518 2889 1681 2928 compa-

171 2950 261 2975 iere
282 2936 322 2975 in
341 2935 496 2989 judicio
518 2940 747 2989 cogeretur,
772 2948 1067 2986 nonnunquam
1097 2932 1237 2980 61111111,
1261 2936 1307 2971 ut
1339 2945 1513 2984 poenam
1546 2930 1680 2979 dalet,
