1997 3256
346 155 457 197 1016
642 155 966 196 ADVERSUS
1000 156 1501 197 ARISTOGITONEM
1537 157 1571 198 Ι.

347 277 473 316 quam
507 265 718 301 oratorem
757 261 848 315 agit
877 266 1052 309 auctor3
1083 261 1164 301 vid.
1200 277 1269 315 pl.
1310 273 1403 314 774.
1440 264 1521 314 776
1556 277 1635 316 sq,
1669 274 1748 315 779
1782 278 1857 316 sq,

348 320 430 371 796
451 333 510 371 sq.
558 332 640 371 qua
671 317 722 357 de
749 332 793 357 re
834 332 1072 371 quanquam
1108 323 1252 358 orator
1284 332 1373 357 sese
1409 325 1579 359 excusat
1613 334 1651 373 p.
1679 331 1756 372 773
1781 334 1857 372 sq,

345 379 487 414 tamen
518 374 631 414 haud
659 374 744 413 scio
771 389 825 414 an
857 374 899 413 id
930 374 1065 427 ipsum
1090 374 1304 414 falsarium
1329 375 1494 428 prodat.
1559 375 1654 414 Huc
1676 375 1860 428 pertinet

345 430 474 470 etiam
509 430 706 470 affectata
746 430 787 469 in
821 430 1084 470 nominandis
1117 430 1195 470 diis
1238 430 1386 484 pietas,
1416 435 1461 470 ut
1503 445 1571 484 pp.
1612 444 1706 483 772.
1748 432 1857 483 780„

347 487 455 538 781.,
494 491 542 526 ut
576 491 741 526 taceam
772 487 1004 527 cumulatas
1035 491 1077 526 et
1110 487 1309 527 molestas
1344 487 1654 527 obsecrationes
1686 502 1724 540 p.
1762 499 1857 540 793.

348 543 455 582 Tum
477 557 559 582 non
581 543 779 583 insulsam
810 543 987 597 quidem,
1012 543 1085 582 sed
1105 544 1299 583 acerbam
1320 543 1529 596 quandam
1551 543 1860 583 immodestam-

347 613 426 653 que
457 604 499 639 et
531 614 556 640 a
583 599 730 652 judicii
759 599 998 647 severitate,
1021 604 1133 640 certe
1163 614 1188 640 a
1211 599 1505 639 Demosthenis
1535 599 1740 640 modestia
1764 600 1861 639 alie-

345 670 443 695 nam
485 656 780 696 scurrilitatem
820 655 885 695 hic
926 656 1006 695 illic
1047 656 1367 710 deprehendisse
1406 656 1506 695 mihi
1548 656 1700 703 videor,
1743 656 1860 709 cujus

344 712 509 766 generis
530 717 594 752 est
616 712 820 752 cavillatio
852 727 957 765 quae
988 712 1140 766 legitur
1162 728 1200 766 p.
1228 725 1320 767 792.
1374 712 1462 752 ἀλλ’
1487 713 1611 764 ἔγωγε
1633 711 1737 752 ταῦθ’
1761 714 1861 763 ὁρῶν

346 768 537 819 θαυμάζω,
561 769 604 808 τὸ
624 770 726 809 τᾶνω
749 769 847 808 κάτω
869 772 1107 820 γεγενῆσθαι
1128 771 1167 808 τί
1185 770 1268 808 ποτ·ἢ
1290 768 1408 808 οἴεσθ’
1433 768 1542 808 εἶναι.
1587 770 1655 808 ἐὰν
1676 769 1698 818 ἡ
1719 771 1768 820 γῆ
1788 771 1861 819 μὲν

346 825 437 872 ἄνω,
475 827 522 865 τὰ
562 824 592 864 δ’
629 826 753 876 ἄστρα
786 825 884 864 κάτω
921 826 1105 876 γένηταις
1160 826 1227 864 οὐκ
1265 826 1348 864 ἔστι
1383 828 1494 864 τοῦτο
1530 824 1730 876 γενέσθαι,
1765 827 1861 875 μηδὲ

346 880 514 931 γένοιτο.
577 881 684 920 Tum
707 882 818 935 quod
839 881 941 921 dicit
962 897 1001 934 p.
1028 883 1124 933 781).
1174 882 1235 921 καὶ
1258 883 1314 920 ὅτι
1337 880 1439 920 ταῦτ’
1464 882 1589 931 ἀληθῆ
1610 883 1728 933 λέγω,
1754 881 1862 921 κάλει

344 953 409 986 μοι
431 937 500 976 τὸν
521 938 726 988 ἄνθρωπον
749 937 877 985 αὐτὸν,
901 938 944 977 οὗ
975 938 1044 987 τὴν
1065 939 1153 989 ῥῖνα
1175 940 1194 977 ὁ
1223 938 1357 989 μιαρὸς
1385 938 1494 979 οὗτος
1527 939 1668 977 ἐσθίων
1692 937 1859 988 κατέφα-

346 1009 428 1043 γεν,
444 993 497 1033 ad
519 992 649 1032 risum
669 994 917 1033 movendum
937 994 1070 1048 magis
1092 1009 1217 1047 quam
1238 994 1291 1033 ad
1314 1008 1400 1033 rem
1422 994 1682 1047 probandam
1703 994 1861 1034 dictum

344 1063 434 1088 esse
455 1054 645 1103 apparet.
709 1049 848 1089 Nihilo
869 1050 1004 1089 minus
1027 1050 1228 1103 Taylorus
1249 1050 1290 1089 111
1313 1051 1551 1090 damnanda
1573 1051 1649 1091 hac
1673 1050 1861 1091 oratione

345 1119 509 1145 omnem
530 1105 757 1159 aequitatis
778 1111 906 1160 atque
927 1106 1118 1146 veritatis
1139 1107 1309 1146 modum
1329 1107 1450 1160 longe
1473 1112 1536 1147 est
1558 1112 1858 1161 transgressus.

346 1160 455 1201 Nam
476 1166 524 1202 ut
544 1176 637 1202 mea
669 1162 835 1216 quidem
866 1164 947 1202 fert
978 1163 1198 1211 sententia,
1222 1163 1377 1216 scripta
1408 1168 1473 1202 est
1503 1164 1715 1217 praeclare
1743 1168 1785 1203 et
1807 1163 1862 1203 ad

345 1217 482 1257 forum
503 1219 842 1266 accommodate,
867 1219 1003 1259 varius
1026 1224 1067 1259 et
1083 1219 1273 1272 copiosus
1295 1224 1442 1259 auctor
1463 1224 1525 1259 est
1548 1220 1589 1259 in
1612 1220 1859 1269 enarrando,

346 1273 549 1314 dilucidus
581 1274 622 1314 in
651 1275 922 1329 disponendo,
952 1275 1091 1330 gravis
1125 1280 1251 1328 atque
1283 1275 1534 1316 artificiosus
1569 1275 1610 1315 in
1644 1290 1861 1331 argumen-

345 1330 490 1378 tando,
516 1330 576 1371 ita
607 1336 654 1371 ut
690 1331 792 1370 nihil
821 1332 964 1371 deesse
996 1332 1032 1371 ei
1067 1332 1220 1371 dixeris
1252 1347 1377 1385 quam
1404 1346 1544 1372 veram
1576 1333 1686 1373 illam
1709 1333 1861 1373 Demo-

345 1386 504 1426 sthenis
536 1389 747 1437 δεινότητα,
811 1388 894 1428 Sed
923 1389 1106 1428 nondum
1131 1389 1209 1429 hoc
1232 1389 1355 1428 modo
1378 1388 1555 1429 efficitur
1576 1394 1634 1438 ut,
1659 1403 1764 1443 quae
1795 1393 1861 1429 est

345 1444 607 1496 quorundam
638 1445 858 1493 sententia,
890 1459 1034 1484 revera
1062 1445 1104 1484 111
1136 1445 1225 1484 foro
1254 1445 1401 1485 Attico
1428 1445 1576 1485 habita
1607 1460 1696 1486 esse
1723 1445 1860 1486 videa-

344 1504 441 1546 turg
473 1499 555 1539 imo
578 1514 670 1539 cum
697 1515 779 1539 non
809 1501 862 1540 sit
885 1501 1194 1550 Demosthenis,
1217 1501 1363 1541 habita
1393 1516 1604 1555 nunquam
1635 1508 1711 1542 est.
1774 1502 1860 1542 Nec

345 1555 492 1595 dubito
524 1556 623 1609 quin
653 1556 731 1596 hoc
769 1557 1018 1611 quibusdam
1054 1571 1104 1597 ex
1137 1557 1227 1610 ipsa
1259 1558 1449 1597 oratione
1481 1558 1710 1612 desumptis
1739 1573 1861 1613 argu-

344 1611 495 1652 mentis
536 1612 814 1653 demonstrari
856 1613 997 1667 possit.
1060 1613 1225 1653 Scilicet
1260 1618 1403 1653 orator
1439 1629 1478 1667 p.
1515 1627 1562 1666 77
1601 1647 1608 1655 .
1656 1617 1731 1667 ἐγὼ
1770 1618 1858 1666 γὰρ,

344 1667 491 1721 inquit,
515 1669 557 1708 ἐν
578 1672 661 1710 ταῖς
684 1670 908 1718 ἐκκλησίαις
934 1672 1033 1720 ὁρῶν
1054 1672 1150 1720 ὑμᾶς
1175 1669 1477 1712 κατατάττοντάς
1508 1688 1555 1720 με
1585 1672 1645 1710 καὶ
1666 1689 1860 1724 προχειρι-

342 1724 525 1774 ζομένους
560 1725 621 1764 ἐπὶ
654 1724 723 1774 τὴν
757 1727 892 1765 τούτου
928 1728 1171 1777 κατηγορίαν,
1203 1727 1380 1778 ἠχθόμην
1411 1727 1471 1766 καὶ
1502 1729 1556 1777 μέι
1591 1727 1660 1767 τὸν
1689 1730 1767 1767 Δία
1798 1729 1861 1768 καὶ

342 1780 491 1821 πάντας
513 1781 622 1822 θεοὺς
644 1781 710 1820 οὐκ
731 1782 971 1832 ἠβουλόμην.
1023 1783 1067 1821 οὐ
1089 1785 1162 1833 γὰρ
1184 1783 1352 1833 ἠγνόουν
1373 1783 1430 1822 ὅτι
1452 1784 1471 1822 ὁ
1494 1782 1660 1832 ποιήσας
1680 1801 1716 1823 τι
1736 1788 1860 1824 τοιοῦ-

342 1853 410 1876 τον
432 1835 519 1887 παρ’
542 1838 632 1886 ὑμῖν
656 1838 716 1877 καὶ
738 1840 873 1878 παθὼν
894 1837 1118 1891 ἀπέρχεται·
1153 1840 1186 1878 εἰ
1218 1840 1258 1877 δὲ
1289 1839 1339 1888 μὴ
1367 1842 1593 1889 τηλικοῦτον
1615 1841 1717 1880 ὥστε
1749 1841 1859 1883 εὐθὺς

342 1892 562 1939 αἰσθέσθαι,
587 1892 676 1932 ἀλλ’
702 1895 770 1933 ἐὰν
791 1897 925 1934 πολλὰ
952 1897 1110 1934 τοιαῦτα
1138 1897 1227 1949 ποιῇ
1261 1895 1321 1934 καὶ
1350 1895 1401 1945 μὴ
1432 1897 1609 1945 παύηται,
1632 1897 1731 1949 ταχὺ
1759 1898 1859 1948 γνώ-

342 1963 463 1988 σεται·
509 1950 610 1998 ὅμως
644 1951 684 1988 δὲ
721 1951 936 2001 ἀναγκαῖον
970 1952 1143 2002 ἡγούμην
1178 1951 1276 1990 εἶναι
1309 1953 1515 1991 πείθεσθαι
1548 1956 1627 1994 τοῖς
1661 1953 1858 2003 ὑμετέροις

340 2004 603 2055 βουλήμασιν.
668 2005 826 2045 Mirum
849 2007 960 2060 quod
981 2021 1102 2046 nemo
1124 2007 1200 2046 hoc
1223 2006 1265 2046 in
1286 2007 1376 2047 loco
1399 2007 1586 2048 offendit.
1640 2009 1859 2049 Interdum

340 2059 381 2099 in
403 2061 528 2100 rebus
557 2061 825 2114 gravissimis,
848 2063 1097 2117 praesertim
1128 2077 1222 2103 cum
1255 2063 1345 2116 quis
1376 2078 1450 2117 per
1476 2066 1732 2116 εἰσαγγελίαν
1763 2080 1858 2105 reus

341 2116 479 2156 factus
511 2121 633 2165 esset,
671 2132 697 2157 a
734 2119 887 2171 populo
922 2121 1168 2170 cwvnyo'povs,
1206 2119 1447 2173 plerumque
1488 2120 1630 2160 decem
1671 2136 1856 2171 numero,

341 2171 495 2212 electos
526 2187 615 2212 esse
646 2173 715 2226 qui
748 2188 938 2214 caussam
969 2174 1166 2223 dicerent,
1191 2176 1301 2215 inter
1322 2190 1463 2216 omnes
1485 2182 1651 2217 constat
1665 2186 1694 2217 θ.
1757 2178 1857 2229 Quis

341 2233 482 2268 autem
514 2234 633 2282 putet
666 2229 775 2269 idem
805 2230 963 2270 factum
994 2245 1096 2279 esse,
1121 2246 1214 2271 cum
1246 2231 1349 2284 quis,
1374 2237 1419 2272 111
1444 2232 1722 2287 Aristogiton,
1747 2234 1859 2288 quod

341 2284 528 2337 quamvis
550 2284 715 2325 infamis
737 2291 878 2326 tamen
900 2287 1025 2326 verba
1056 2287 1218 2340 publice
1249 2288 1425 2335 fecisset,
1449 2303 1523 2342 per
1551 2290 1715 2339 ἔνδειξιν
1735 2305 1856 2331 accu-

341 2342 532 2381 saretur?
563 2341 656 2395 Ego
679 2356 761 2382 non
783 2348 897 2396 puto,
921 2357 994 2382 nec
1017 2343 1145 2383 miror
1165 2348 1379 2384 auctorem
1396 2345 1502 2398 juris
1524 2345 1659 2385 Attici
1682 2361 1763 2385 non
1785 2348 1856 2387 ad-

340 2397 509 2436 modum
539 2398 720 2450 peritum
752 2399 835 2439 tale
871 2399 969 2452 quid
1001 2399 1157 2453 fingere
1187 2401 1373 2454 potuisse
1390 2420 1398 2447 ;
1432 2401 1514 2441 imo
1543 2402 1707 2442 ostendi
1735 2418 1857 2457 posse

340 2457 442 2505 puto
464 2454 573 2492 unde
595 2460 874 2495 commentum
897 2455 996 2495 illud
1018 2457 1241 2510 sumpserit
1263 2474 1269 2496 :
1304 2457 1354 2497 de
1387 2472 1469 2510 qua
1497 2472 1540 2497 re
1567 2458 1711 2498 sta-tim
1733 2474 1857 2513 expo-

340 2514 477 2549 netur.
541 2511 848 2551 Demosthenes
870 2511 998 2565 igitur
1018 2526 1101 2551 non
1120 2528 1147 2553 a
1168 2513 1320 2566 populo
1342 2513 1497 2553 electus
1519 2519 1667 2555 contra
1690 2515 1856 2556 Aristo-

339 2564 524 2618 gitonem
554 2565 672 2615 dixit,
707 2568 778 2607 sed
810 2568 1005 2621 quoniam
1037 2583 1119 2608 una
1153 2583 1246 2608 cum
1271 2570 1460 2624 Lycurgo
1487 2570 1695 2611 actionem
1728 2572 1764 2612 01
1797 2572 1856 2612 111-

339 2621 545 2661 tenderat.
609 2622 771 2664 Deinde
804 2626 1079 2675 δευτερολογία
1115 2625 1218 2665 haec
1255 2632 1317 2666 est
1354 2626 1516 2673 orati03
1557 2627 1714 2680 primas
1747 2629 1856 2668 enim

338 2682 481 2730 partes
520 2684 665 2732 egerat
699 2679 926 2734 Lycurgus.
1004 2681 1101 2720 Vid.
1135 2696 1202 2735 pp.
1242 2694 1334 2734 770,
1370 2694 1462 2736 773,
1498 2684 1591 2735 786,
1626 2695 1719 2736 791,
1760 2696 1853 2739 799.

339 2733 401 2773 At
435 2748 540 2787 quae
573 2750 727 2788 quaeso
763 2737 865 2776 haec
901 2741 965 2776 est
1000 2740 1276 2789 ὃευτερολογία
1309 2738 1424 2779 dicta
1460 2744 1555 2792 post
1593 2739 1855 2795 Lycurgum?

339 2789 432 2830 Scio
455 2790 621 2843 quidem
642 2792 753 2832 haud
776 2807 873 2833 raro
895 2793 1119 2833 secundam
1141 2794 1374 2834 orationem
1395 2794 1533 2848 priore
1550 2796 1680 2835 multo
1698 2797 1854 2851 longio-

338 2860 425 2885 rem
445 2850 572 2900 atque
594 2848 827 2889 uberiorem
848 2849 987 2899 fuisse,
1011 2864 1248 2903 quanquam
1270 2851 1347 2891 hoc
1370 2851 1501 2905 magis
1522 2851 1576 2891 ad
1598 2852 1851 2893 defensorias

680 2973 694 2989 o
720 2968 768 2998 Cf.
788 2969 1029 2999 Scuommxx.
1047 2971 1084 3001 de
1101 2972 1204 3000 comit.
1223 2972 1344 3001 Athen.
1362 2983 1389 3011 p.
1414 2981 1482 3002 210.
