1997 3256
313 160 398 205 698
730 159 1058 200 ADVERSUS
1093 159 1422 200 LEPTINEM.

317 278 449 304 rerum
482 263 543 303 ati
577 276 701 316 quam
733 277 809 303 vos.
876 262 1006 302 Aliud
1043 269 1178 310 sonat,
1213 265 1324 317 quod
1360 263 1562 317 sequitur,
1593 267 1718 305 καλῶς
1753 281 1835 303 ποι-

316 324 460 361 οῦντες.
539 319 654 369 Quae
694 318 885 366 formula,
927 319 1153 373 participio
1193 321 1247 360 ad
1287 319 1455 373 aliquod
1498 334 1647 359 nomen
1688 320 1833 367 relato,

316 374 498 416 orationi
530 374 728 428 injicitur,
761 375 832 414 ubi
868 389 943 414 nos
979 375 1186 428 injicimus
1216 376 1282 416 <lei
1315 375 1505 428 beneficio,
1538 375 1834 429 significantes,

316 431 417 470 nihil
449 445 524 470 nos
557 431 753 477 invidere,
787 431 970 485 gaudere
1005 431 1145 484 potius
1177 437 1220 471 et
1257 431 1552 485 congratulari.
1612 431 1834 470 Demosth.

317 487 498 541 Philipp.
525 487 604 526 IV.
627 502 665 540 p.
690 500 780 536 141,
804 500 863 538 14.
886 488 908 536 ἡ
929 488 1038 539 τύχη,
1064 491 1189 529 καλῶς
1219 491 1396 535 ποιοῦσα,
1418 489 1550 527 πολλὰ
1580 488 1765 537 πεποίηκε
1787 489 1836 526 τὰ

317 543 439 583 κοινά.
472 543 706 583 Aeschines
727 542 768 582 in
791 543 975 596 Ctesiph.
1000 545 1153 596 p.465.
1172 543 1223 583 E.
1277 545 1377 594 φατὲ
1410 545 1482 592 μὲν
1515 544 1687 594 εὐτυχεῖς
1721 543 1832 588 εἶναι,

315 600 364 640 ὡς
396 600 456 639 καὶ
490 600 595 645 ἐστὲ,
626 603 752 641 καλῶς
780 603 983 640 ποιοῦντες
1010 603 1089 639 eto.
1123 600 1168 638 F.
1186 599 1238 638 A.
1255 599 1443 638 WOLF.
1506 598 1702 638 Notabile
1726 599 1833 638 hanc

315 655 546 702 formulam,
565 659 613 695 ut
634 655 672 694 h.
688 655 726 703 1.,
745 655 873 695 etiam
894 654 950 695 ibi
973 654 1083 708 poni,
1101 654 1171 694 ubi
1193 655 1454 709 significatur
1475 655 1608 702 πάθος,
1624 669 1706 694 non
1729 654 1833 704 ἐνέρ-

315 728 432 763 γημα.
480 710 729 751 SCHAEF.

372 781 468 818 490,
494 780 558 808 21.
583 768 651 806 τὸν
672 767 885 820 λογισμὸν]
917 768 937 806 ὁ
959 765 1162 818 λογισμός,
1186 766 1453 813 ναΐὶοσίφιαΐὶο,
1477 766 1510 805 le
1530 767 1831 805 raisomzement.

315 822 474 863 Contra
494 823 666 876 ponitur
685 823 942 876 experientia,
958 824 1146 876 sbrtzma,
1169 838 1248 877 qua
1268 823 1445 876 populas
1466 821 1598 861 adhuc
1619 820 1717 861 bona
1741 836 1834 861 usus

315 879 379 918 sit.
426 879 470 918 F.
490 879 747 918 A.WOLF.

371 937 436 983 τῆς
456 951 502 986 γε
525 936 641 987 τύχης
663 934 798 989 ἕνεκα]
827 934 975 974 Sumta
997 935 1162 975 videtur
1186 935 1289 974 haee
1313 935 1444 974 ἔννοια
1465 948 1515 974 ex
1540 933 1687 987 Lysiae
1711 933 1831 973 Orat.

314 990 355 1029 in
379 990 617 1030 Nicomaoh.
640 1006 679 1044 p.
704 991 726 1030 8
730 1002 801 1043 54,
825 1006 877 1042 9.,
901 991 970 1030 11111
1000 991 1175 1044 antiqua
1203 991 1408 1044 majorum
1438 989 1642 1030 sacrificia
1667 989 1727 1030 ait
1749 1004 1831 1029 ser—

314 1046 400 1086 vari
423 1051 632 1099 oportere,
658 1049 691 1086 εἰ
710 1049 831 1096 μηδὲν
853 1046 896 1086 δι’
921 1048 1036 1092 ἄλλο,
1060 1050 1125 1096 τῆς
1145 1049 1263 1099 τύχης
1286 1048 1401 1086 ἕνεκα
1421 1049 1486 1095 τῆς
1509 1045 1553 1095 ἐξ
1573 1046 1732 1085 ἐκείνων
1754 1050 1831 1085 τῶν

315 1104 427 1152 ἱερῶν
449 1102 722 1153 γεγενημένης,
747 1103 785 1142 εἰ
805 1102 848 1142 ob
869 1103 977 1141 222·ch
994 1102 1126 1150 aliud,
1144 1103 1292 1143 saltem
1315 1103 1367 1142 ob
1391 1103 1616 1148 fortunam,
1635 1116 1733 1155 quae
1756 1102 1832 1141 ista

312 1158 513 1211 sacrg'ficz'a
535 1164 589 1197 est
609 1165 786 1210 sequuta.
850 1158 1212 1198 MARKLAND.

369 1227 466 1265 490,
494 1225 558 1266 27.
591 1213 636 1253 δι’
660 1216 713 1254 ὧν
740 1216 812 1265 μὲν
833 1215 973 1254 ἐκεῖνοι
999 1214 1167 1265 μεγάλοι
1190 1215 1286 1267 εἰσί]
1327 1213 1514 1254 Additur
1541 1213 1606 1254 hic
1634 1214 1673 1252 in
1703 1213 1831 1253 omni—

313 1270 390 1309 bus
427 1270 540 1309 libris
575 1273 640 1320 τῆς
672 1272 904 1322 ὀλιγαρχίας
940 1271 1001 1310 καὶ
1036 1272 1277 1312 δεσποτείας.
1345 1269 1542 1309 Pluribus
1580 1270 1746 1323 quidem
1780 1269 1831 1309 de

314 1326 470 1366 caussis
493 1327 619 1366 verba
639 1326 741 1366 haec
769 1326 871 1365 mihi
900 1332 1093 1380 suspecta
1116 1332 1227 1366 sunt.
1292 1325 1480 1365 Primum
1501 1325 1746 1366 insolentior
1766 1331 1832 1365 est

314 1382 378 1421 hie
404 1397 501 1421 usus
523 1382 631 1422 vocis
653 1384 881 1424 δεσποτείας
903 1383 953 1422 de
976 1382 1161 1431 civitate,
1180 1382 1313 1435 qualis
1335 1387 1427 1422 erat
1451 1382 1665 1422 Thebana.
1710 1382 1829 1429 Tum,

314 1439 425 1491 quod
457 1443 586 1492 caput
612 1444 688 1486 est,
712 1439 838 1478 verba
865 1453 958 1478 cum
989 1439 1158 1492 reliquis
1188 1439 1310 1492 plane
1341 1438 1453 1478 nulla
1485 1453 1587 1478 sana
1617 1443 1832 1478 structura

313 1499 476 1539 coeunt„
505 1499 551 1534 ut
585 1495 694 1534 ratio
729 1495 924 1548 loquendi
958 1495 1181 1534 emendata
1214 1500 1256 1534 et
1288 1495 1436 1535 Attico
1473 1494 1675 1548 scriptore
1705 1494 1833 1548 digua

315 1556 451 1591 exeat.
513 1550 744 1604 Adscripta
766 1551 805 1590 h.
829 1551 853 1590 l.
877 1551 1003 1591 verba
1024 1551 1219 1591 videntur
1249 1550 1481 1604 explicandi
1515 1565 1661 1590 caussa
1691 1550 1747 1590 ad
1778 1552 1832 1590 ὧν

314 1609 387 1655 μὲν
411 1613 486 1647 aut
516 1607 570 1646 ad
601 1608 760 1654 τούτων,
793 1607 942 1647 deinde
979 1606 1140 1647 intrusa
1172 1608 1226 1647 ab
1257 1622 1319 1654 eo,
1349 1606 1417 1660 qui
1449 1607 1550 1646 haec
1586 1606 1832 1660 pronomina

316 1677 421 1717 vaga
443 1667 485 1702 et
506 1662 641 1702 minus
667 1662 886 1716 perspicua
916 1668 1101 1716 putaret.
1164 1663 1309 1716 Neque
1339 1677 1523 1716 pannum
1544 1663 1691 1703 habuit
1714 1663 1830 1702 seho-

314 1718 455 1758 liastes
488 1718 528 1757 in
556 1718 698 1758 codice
727 1734 813 1767 suo,
838 1719 949 1772 quod
970 1719 1089 1759 facile
1110 1734 1160 1759 ex
1183 1719 1271 1772 ejus
1303 1719 1652 1772 interpretatione
1682 1724 1831 1759 eruent

315 1775 382 1828 (1111
406 1790 552 1814 nasum
575 1775 744 1815 habent.
808 1775 1004 1815 Ceterum
1036 1775 1194 1828 periodi
1228 1776 1349 1828 hujus
1380 1780 1523 1829 partes
1552 1775 1733 1828 eleganti
1755 1775 1831 1814 eir-

314 1831 427 1870 euitu
460 1830 596 1884 posita
628 1836 736 1878 sunt,
761 1846 887 1884 quum
916 1831 981 1870 hic
1005 1831 1060 1871 sit
1081 1832 1183 1871 ordo
1206 1836 1468 1871 structurae:
1503 1833 1589 1870 οὐδὲ
1611 1833 1831 1880 βούλεσθαι

313 1904 386 1936 μεν
415 1905 485 1926 και
514 1889 565 1926 ἀπ
570 1904 696 1926 οκτειι
700 1904 738 1926 αι
769 1904 836 1927 τοι
859 1905 934 1938 παρ
963 1888 1053 1937 ημΐι.
1076 1887 1422 1927 κατασκευάσαιτα
1445 1887 1660 1955 (ὶιιοῖἱΐΛῑίηῑ)
1685 1888 1719 1926 τὶ
1748 1888 1831 1926 τού-

314 1960 401 1986 των.
427 1942 471 1982 δι’
491 1945 543 1983 ὧν
566 1945 706 1982 ἐκεῖνοι
733 1944 900 1995 μεγάλοι
932 1945 1044 1983 εἰσίν·
1079 1943 1230 1983 ἐθέλειι
1253 1946 1293 1984 δὲ
1320 1945 1474 1983 ἀκούειν
1496 1947 1610 1983 τινῶν
1631 1945 1832 1994 λεγόντων

315 2000 365 2040 ὡς
387 2003 446 2038 δεῖ
465 2001 623 2039 ἀνελεῖν
644 2002 773 2043 ταῦτα.
799 1999 842 2039 δι’
862 2001 915 2039 ὧν
937 2001 956 2039 ὁ
978 1999 1065 2049 παρ’
1086 2001 1176 2049 ἡμῖν
1197 2003 1313 2050 δῆμος
1336 2001 1524 2048 εὐδαίμων
1547 2001 1668 2039 ἐστίν.
1704 2000 1752 2038 F.
1778 1999 1829 2039 A.

318 2055 509 2094 WOLF.
573 2055 765 2095 Palmum
787 2070 875 2095 esse
898 2055 1025 2095 vineit
1048 2056 1109 2095 vel
1138 2056 1226 2096 sola
1258 2055 1519 2096 concinnitas
1550 2056 1832 2095 membrorum

314 2110 424 2150 inter
455 2125 497 2150 se
527 2111 826 2164 oppositorum,
856 2111 902 2151 δι’
926 2113 979 2150 ὧν
1006 2114 1079 2160 μὲν
1108 2114 1248 2152 ἐκεῖνοι
1278 2112 1447 2163 μεγάλοι
1476 2113 1564 2158 εἰσὶ,
1592 2114 1654 2152 διὰ
1685 2112 1717 2151 δ”
1737 2113 1790 2151 ὧν
1811 2113 1831 2151 ὁ

315 2165 402 2217 παρ’
422 2167 511 2216 ἡμῖν
533 2170 649 2215 δῆμος
673 2168 874 2216 εὐδαίμων.
918 2167 1170 2208 SCHAEF.

372 2223 609 2275 βούλεσθαι]
651 2223 754 2261 Mox
786 2222 827 2262 in
854 2223 1047 2276 opposito
1078 2224 1457 2263 1116111111·οἐθέλειιιι
1491 2228 1538 2263 ut
1571 2223 1673 2262 satis
1704 2238 1831 2277 appa-

315 2284 408 2318 reat
430 2279 555 2318 verba
579 2293 666 2318 esse
688 2293 928 2332 synonyma.
971 2279 1166 2320 SCHAE
1176 2279 1219 2319 F.

377 2347 472 2385 490,
508 2336 573 2373 28.
617 2337 678 2374 διὰ
715 2335 745 2374 5⁵
778 2335 844 2388 ὧν]
893 2335 937 2375 δι’
968 2338 1020 2375 ὧν
1057 2335 1086 2375 δ’
1117 2340 1329 2375 correctus
1363 2335 1412 2374 Ο.
1474 2334 1667 2376 Correxit
1708 2335 1832 2374 homo

316 2390 422 2430 male
454 2390 639 2435 feriatus,
673 2406 755 2444 quo
788 2391 1029 2431 concinnius
1061 2392 1334 2446 responderet
1368 2391 1561 2446 opposito
1596 2390 1639 2430 δι’
1665 2392 1718 2430 ὧν
1748 2391 1831 2441 μέν.

317 2446 570 2486 SCHAEF.

372 2516 468 2555 491,
494 2516 526 2542 Ι.
559 2503 642 2542 ἔστι
673 2505 803 2542 τοίιυν
831 2520 886 2545 τις
917 2506 1122 2556 πρόχειρος
1152 2506 1273 2556 λόγος
1299 2523 1329 2543 κ.
1349 2521 1381 2543 τ.
1404 2503 1463 2557 λ.]
1499 2502 1832 2543 Commentarios

316 2558 355 2597 h
384 2559 408 2597 l.
440 2559 640 2598 habemus
677 2559 787 2598 locos
820 2573 901 2605 eos
937 2575 1040 2613 quos
1074 2560 1239 2600 laudavi
1273 2560 1327 2600 ad
1358 2575 1396 2613 p.
1420 2572 1516 2610 4777
1544 2561 1620 2603 26.
1644 2558 1832 2612 inplimis

319 2614 539 2655 Aeschinis
576 2614 616 2653 in
651 2615 835 2668 Ctesiph.
867 2631 906 2669 p.
935 2629 1030 2668 457.
1064 2616 1158 2656 inde
1194 2631 1220 2656 a
1252 2616 1386 2656 xerbis
1424 2617 1507 2655 ἐπεὶ
1544 2617 1585 2654 δὲ
1622 2614 1832 2665 στεφάιων

317 2670 577 2720 ἀνεμιιησθην,
601 2670 671 2710 11111
693 2671 970 2735 praemiorum
1000 2676 1042 2712 et
1073 2672 1292 2712 titulorum
1314 2672 1490 2711 florente
1518 2670 1676 2724 republ.
1702 2670 1832 2710 tenui-

319 2732 383 2766 tas
421 2741 513 2766 eum
555 2727 797 2780 postelioris
832 2728 986 2768 aetatis
1027 2729 1265 2781 profusione
1301 2732 1580 2781 comparauitul
1644 2726 1833 2766 Maxime

317 2782 396 2821 hue
427 2785 621 2836 pertinet
646 2783 756 2837 quod
783 2783 838 2823 ibi
865 2784 1002 2837 paullo
1025 2784 1194 2824 inferius
1225 2784 1391 2838 legitur,
1413 2783 1475 2830 iis⁷
1499 2782 1580 2835 (1111,
1607 2782 1746 2821 Persis
1777 2783 1832 2822 ad

318 2838 581 2879 Strvmonem
614 2839 801 2886 devictis,
838 2839 1012 2879 E'ionem
1048 2840 1088 2878 in
1123 2840 1323 2879 ditionem
1358 2816 1678 2878 Atheniensium
1714 2839 1830 2878 rede-

318 2894 487 2946 gis<111t
510 2899 564 2945 (x.
584 2895 677 2934 Her
680 2895 793 2934 odot.
814 2907 852 2946 7,
878 2909 964 2941 107.
988 2900 1029 2935 et
1052 2895 1107 2934 ibi
1132 2895 1285 2949 intpp.)
1310 2895 1409 2933 nihil
1433 2895 1635 2934 11(111(11·11111
1667 2894 1831 2947 publice

317 2949 529 2989 decretum
560 2950 686 2990 fuisse
718 2956 885 3003 praeter
919 2958 1002 2990 tres
1035 2951 1210 2995 hermas,
1235 2956 1274 2991 et
1308 2965 1358 2989 ne
1390 2951 1465 2990 hos
1488 2950 1653 3004 quidem
1675 2951 1828 2990 (lucum
