1997 3256
308 168 392 208 863
657 167 977 208 ADVERSUS
1012 167 1471 208 ANDROTIONEM.

311 274 455 324 καιρὸν.
489 273 594 314 ὅστις
625 272 673 322 ἣν
705 273 792 312 τότε
829 272 1020 324 δυσχερὴς
1053 273 1191 324 καιρός·
1230 273 1404 322 πόλεμος
1433 274 1508 324 γὰρ
1539 271 1587 322 ἣν
1620 271 1680 311 καὶ
1710 273 1824 324 χρεία

308 328 526 381 χρημάτων·
563 327 585 378 ἢ
622 331 684 369 διὰ
719 329 789 368 τὸν
822 329 967 379 καιρὸν,
1001 329 1114 378 μέση·
1153 329 1214 368 καὶ
1248 328 1438 368 ἐπακτέον
1473 330 1569 378 ἑξῆς,
1603 328 1824 378 θαυμασίαν

310 386 409 434 ὅσην
429 386 516 424 τότε
539 385 641 437 ἔχων
665 386 858 434 ἐξουσίαν,
883 385 968 424 ἀντὶ
988 387 1056 423 τοῦ
1076 385 1232 433 πολλὴν
1255 384 1316 423 καὶ
1335 386 1535 435 μεγίστην.
1566 383 1676 424 Vide
1697 383 1822 423 schol.

310 441 398 480 cod.
433 441 542 494 Aug.
600 440 748 480 Oratio
779 440 926 480 habita
956 444 1021 479 est
1053 439 1116 479 Ol.
1142 442 1229 488 106,
1259 453 1295 480 2.
1330 439 1394 479 Ol.
1420 442 1508 488 106,
1531 453 1564 479 1.
1598 440 1824 480 secundum

310 496 484 536 Diodor.
510 498 570 545 16,
596 508 661 550 23.
685 501 923 550 susceptum
952 500 1015 536 est
1044 496 1196 535 bellum
1220 495 1448 535 Phocicum
1476 510 1508 536 s,
1531 510 1695 536 sacrum
1717 495 1824 535 bello

310 552 461 600 sociali,
495 553 606 606 quod
638 552 815 606 Ol.105‚
838 566 876 605 3.
909 556 1140 599 exarserat,
1178 552 1302 592 modo
1334 551 1468 591 finito.
1529 552 1599 591 Ad
1631 552 1708 591 hoc
1740 552 1825 591 fere

310 614 475 662 tempus
496 623 574 657 res⁷
599 623 705 662 quae
726 608 794 649 hic
817 612 1027 655 narratur,
1050 608 1267 648 referenda
1288 622 1378 648 esse
1399 607 1577 648 videtur.
1610 608 1795 647 FUNK.

367 666 464 712 608,
494 678 556 705 ῑο.
589 664 665 705 οὐδ’
690 667 724 705 εἰ
748 664 1025 717 ,αὴ-τιθέναι]
1058 664 1144 704 Lex
1172 663 1346 704 affertur
1374 663 1415 702 in
1439 663 1618 703 Timocr.
1649 679 1689 717 p.
1713 675 1822 715 710:

308 725 398 761 Τῶν
431 723 472 760 δὲ
507 722 635 772 νόμων
667 725 743 761 τῶν
778 720 963 771 κειμένων
993 721 1043 770 μὴ
1076 722 1218 770 ἐξεῖναι
1253 723 1372 760 λῦσαι
1406 719 1562 770 μηδένα,
1597 721 1666 760 ἐὰν
1700 720 1751 770 μὴ
1783 721 1826 759 ἐν

311 778 549 827 νομοθέταις.
591 779 678 817 τότε
710 777 739 817 δ’
775 776 919 826 ἐξεῖναι
950 778 1001 830 τῷ
1031 776 1264 831 βουλομένῳ
1295 777 1514 827 Ἀθηναίων
1549 777 1659 816 λύειν
1693 776 1826 827 ἕτερον

310 833 453 873 τιθέντι
475 833 558 873 ἀνθ’
582 834 670 873 ὅτου
693 833 740 873 ἂν
762 835 836 886 λύῃ
860 851 891 872 κ.
910 850 943 872 τ.
962 838 1001 872 λ.
1036 832 1219 872 FUNK.

369 891 463 936 628,
493 902 555 929 12.
587 889 824 942 ἠργολάβει]
856 889 998 928 Minus
1029 893 1225 929 accurate
1257 888 1439 942 explicat-
1469 888 1650 928 wolfius
1671 904 1678 928 :
1702 902 1827 942 prae-

312 945 515 984 varicosus
536 951 600 985 est.
634 945 803 999 Ulpian.
821 960 828 984 :
859 948 984 984 Τοῦτο
1006 947 1103 994 μετὰ
1124 948 1190 995 τῆς
1211 947 1399 997 αἰσχύνης
1422 946 1483 984 καὶ
1505 945 1825 996 συγκρουστικόν·

311 1003 551 1052 ἐργολαβεῖν
571 1003 646 1071 γὰρ
667 1003 771 1052 παρὰ
794 1001 1043 1051 Δημοσθένει
1073 1002 1133 1041 καὶ
1160 1005 1239 1043 τοῖς
1268 1002 1407 1043 ἄλλοις
1436 1002 1518 1041 ἐστὶ
1540 1001 1583 1040 τὸ
1614 1002 1675 1041 ἐπὶ
1702 1003 1828 1051 φλαύ-

310 1074 391 1107 ροις
428 1074 487 1096 και
523 1059 666 1098 ἀδικοις
701 1057 844 1107 μισθὸν
879 1057 1112 1107 λαμβάνειν.
1186 1057 1344 1097 Auecd.
1383 1057 1514 1097 Bekk.
1584 1070 1721 1111 .259‚
1747 1069 1824 1110 13:

311 1112 573 1164 Ἐργολάβος·
608 1115 628 1152 ὁ
657 1115 847 1164 φλαύροις
874 1113 1074 1164 πράγμασι
1102 1114 1302 1165 χρώμενος
1332 1130 1434 1164 παρα
1462 1117 1540 1154 τοῖς
1551 1072 1737 1164 Ιῥητορσι,
1766 1114 1829 1153 καὶ

313 1170 384 1221 οὐχ
413 1171 432 1207 ὁ
460 1170 495 1208 ὑ
486 1168 554 1219 πέρ
582 1185 698 1208 τινων
729 1169 855 1220 ἔργων
881 1169 1024 1218 μισθὸν
1054 1170 1273 1219 λαμβάνων
1306 1169 1366 1208 καὶ
1394 1170 1496 1221 ἔχων
1527 1169 1614 1211 τοὺς
1640 1185 1828 1220 συνεργα-

311 1225 505 1274 ζομέιους,
541 1226 590 1266 ὡς
623 1226 644 1274 ἡ
679 1225 876 1274 συιηθεια.
940 1225 1066 1264 Hanc
1103 1225 1422 1278 explicationem
1453 1239 1594 1264 iciam
1625 1239 1708 1264 non
1739 1239 1830 1265 esse

313 1280 458 1320 statim
479 1281 546 1321 hic
569 1280 864 1320 Demosthenis
886 1280 1000 1320 locus
1021 1280 1191 1320 indicat.
1230 1281 1284 1320 V.
1306 1281 1610 1334 VVyt-tenbach.
1635 1281 1690 1321 ad
1714 1281 1826 1321 Plut.

313 1337 390 1376 vol.
425 1350 455 1376 1.
491 1352 531 1390 p.
565 1350 662 1391 532.
734 1336 896 1376 Deinde
927 1337 1177 1376 conferenda
1210 1342 1273 1376 est
1306 1336 1533 1377 Timocrat.
1562 1351 1602 1390 p.
1635 1348 1728 1390 750.
1758 1337 1828 1377 ubi

313 1407 379 1433 res
408 1392 466 1433 ita
494 1398 693 1433 narratur
711 1394 1022 1445 ε-ψγγφίσματα
1048 1394 1078 1432 δ”
1102 1392 1486 1444 εἶπεν-παράνομα,
1511 1392 1555 1433 δι’
1581 1394 1635 1432 ὧν
1662 1393 1830 1444 ἠργολά-

314 1454 379 1498 βει
415 1454 669 1500 προσαγωγεῖ
701 1450 820 1502 τούτῳ
854 1448 1156 1499 (Timocratem
1193 1448 1306 1489 dicit
1340 1449 1408 1502 qui
1443 1448 1708 1488 Androtione
1739 1463 1831 1490 sua-

315 1505 440 1545 dente
469 1520 494 1545 a
525 1506 676 1558 populo
707 1490 892 1556 ἐκλογεὺς
921 1505 1074 1545 electus
1103 1510 1209 1553 erat,
1231 1520 1266 1544 v.
1294 1505 1473 1545 Ti1noc1.
1497 1505 1522 1544 l.
1547 1507 1604 1554 c.)
1631 1506 1831 1557 χρώμενος

315 1579 390 1601 τωι
417 1561 640 1611 λημμάτων.
676 1578 737 1601 και
764 1563 898 1601 πολλὰ
925 1565 1001 1600 τῶν
1028 1561 1224 1611 ὑμετέρων
1252 1560 1421 1612 κεκλοφε
1451 1578 1548 1610 μετα
1576 1563 1711 1601 τούτου
1738 1561 1831 1612 γρά-

315 1622 397 1668 ψας
427 1618 513 1658 τοὺς
545 1635 586 1657 ει
590 1621 681 1657 οεκα
714 1635 774 1657 και
806 1617 893 1658 τοὺς
924 1617 1136 1658 ἀποδέκτας
1169 1618 1230 1657 καὶ
1261 1618 1348 1658 τοὺς
1378 1619 1429 1656 ὑπ
1408 1617 1566 1668 πηρέτας
1600 1619 1832 1657 ἀκολουθεῖν

314 1673 396 1723 μεθ’
421 1675 568 1713 ἑαυτοῦ.
602 1673 667 1713 εἶτ’
692 1674 794 1725 ἔχων
823 1674 976 1714 τούτους
1003 1673 1098 1724 ἠγεν
1125 1674 1186 1713 ἐπι
1217 1690 1286 1714 τας
1310 1672 1497 1723 ὑμετέρας
1528 1674 1648 1715 οἰκίας
1677 1675 1739 1713 καὶ
1768 1673 1830 1723 σὺ,

315 1729 344 1768 ὦ
374 1731 626 1780 Τιμόκρατες,
660 1730 969 1779 συνηκολούθεις,
1001 1731 1119 1779 μόνος
1150 1733 1224 1768 τῶν
1257 1730 1534 1781 συναρχόντων
1565 1729 1657 1769 δέκα
1693 1731 1831 1769 ὄντων.

318 1785 501 1825 FUNK.

374 1844 471 1890 608,
500 1855 560 1894 13·
584 1842 670 1882 τοὺς
692 1842 845 1895 ἕνδεκα]
875 1841 1035 1881 Anecd.
1059 1841 1190 1881 Bekk.
1213 1857 1251 1895 p.
1278 1854 1370 1894 250,
1393 1855 1432 1891 4.
1457 1842 1593 1881 ἕνδεκα
1614 1842 1716 1883 τίνες
1739 1842 1828 1881 εἰσί·

317 1899 504 1947 κληρωτοὶ
536 1899 722 1950 ἄρχοντες
751 1897 869 1947 ἦσαν,
899 1898 1036 1937 ἕνδεκα
1066 1898 1133 1937 τὸν
1165 1897 1337 1949 ἀριθμὸν,
1369 1897 1646 1948 προϊστάμενοι
1676 1900 1745 1936 τοῦ
1769 1900 1830 1937 δε-

317 1955 545 2005 σμωτηρίου·
599 1954 662 1993 καὶ
701 1954 787 1996 τοὺς
828 1955 1042 2005 ἀγομένους
1089 1954 1150 1993 ἐπὶ
1191 1953 1481 2005 κακουργήμασι
1521 1953 1832 2004 παρελάμβανον

317 2010 482 2051 κλέπτας
514 2010 576 2049 καὶ
609 2011 918 2060 ἀνδραποδιστὰς
952 2010 1012 2049 καὶ
1046 2014 1192 2060 φονεῖς·
1228 2010 1288 2048 καὶ
1321 2010 1408 2051 τοὺς
1439 2011 1512 2060 μὲν
1544 2011 1834 2060 ὁμολογοῦντας

317 2065 469 2118 θανάτῳ
502 2066 689 2116 ἐζημίουν,
722 2066 808 2107 τοὺς
840 2067 881 2104 δὲ
913 2067 1258 2116 ἀμφισβητοῦντας
1291 2067 1450 2116 εἰσῆγον
1483 2067 1536 2106 εἰς
1572 2065 1831 2115 δικαστήριον.

317 2121 410 2160 Hos
445 2121 573 2174 igitur
610 2121 928 2160 Undecimviros
969 2135 1195 2173 eorumque
1235 2123 1437 2171 ὑπηρέτας.
1476 2121 1544 2174 qui
1586 2120 1833 2172 παραστάται

315 2177 648 2230 appellabantur,
686 2176 926 2216 Androtion
962 2176 1245 2230 psephismate
1282 2191 1420 2216 secum
1461 2177 1573 2216 illam
1613 2176 1831 2230 pecuniam

317 2233 481 2286 exigere
510 2232 647 2285 jussit&
680 2237 726 2271 ut
759 2232 827 2285 qui
860 2247 939 2271 non
979 2233 1172 2280 solveret,
1204 2232 1348 2272 Statim
1379 2233 1420 2271 in
1452 2232 1613 2272 vincula
1645 2233 1830 2272 daretur.

319 2288 371 2328 V.
404 2287 550 2328 Meier.
589 2288 640 2327 de
679 2288 752 2327 lite
789 2289 883 2328 Att.
919 2303 957 2341 p.
994 2290 1174 2339 68—77.
1238 2289 1484 2341 Apodectas
1525 2288 1652 2328 etiam
1693 2302 1832 2328 secum

317 2344 449 2384 duxit.
479 2358 654 2397 quorum
681 2358 828 2383 munus
855 2345 958 2384 bene
986 2344 1236 2384 describitur
1263 2344 1303 2383 in
1334 2344 1493 2383 Anecd.
1518 2344 1650 2383 Bokk.
1673 2359 1712 2397 p.
1742 2346 1830 2397 198,

322 2414 370 2439 1:
402 2400 646 2440 Ἀποδέκται’
681 2401 869 2452 ἄρχοντες
907 2401 1107 2450 κληρωτοὶ,
1142 2400 1231 2439 δέκα
1267 2400 1335 2439 τὸν
1371 2400 1533 2454 ἀριθμὸν
1571 2402 1666 2439 κατὰ
1702 2400 1833 2450 φυλήν

318 2458 431 2505 εἰσιν,
455 2460 594 2497 οἵτινες
615 2456 925 2506 παρελάμβανον
949 2458 1009 2495 καὶ
1032 2455 1271 2508 ἀπεδέχοντο
1294 2459 1341 2495 τὰ
1364 2460 1605 2507 γραμματεῖα
1628 2460 1702 2495 τῶν
1724 2457 1832 2507 ὀφει-

315 2514 468 2552 λόντων
503 2514 553 2565 τῷ
591 2514 773 2564 δημοσίῳ.
808 2514 869 2551 διὰ
902 2515 1013 2551 τοῦτο
1048 2514 1121 2563 γὰρ
1157 2513 1219 2551 καὶ
1252 2512 1461 2551 ἀποδέκται
1495 2513 1719 2551 ἐκαλοῦντο.
1751 2511 1833 2551 εἶτα

317 2568 499 2618 ἐξήταζον
534 2567 580 2606 τά
615 2585 657 2607 τε
694 2569 936 2619 ὀφειλόμενα
979 2568 1039 2607 καὶ
1075 2571 1122 2607 τὰ
1164 2569 1423 2617 ἀποδιδόμενα
1461 2568 1640 2619 χρήματα
1677 2567 1750 2607 σὺν
1786 2569 1831 2622 τῇ

316 2627 443 2674 βουλῇ
480 2624 542 2663 καὶ
573 2624 748 2674 ἐμέριζον
780 2625 834 2665 εἷς
865 2624 889 2663 δι
919 2624 993 2675 χρὴ
1026 2624 1267 2663 ἀναλίσκειν.
1331 2623 1491 2663 Eadem
1521 2624 1607 2662 fere
1636 2623 1833 2676 leguntur

317 2679 415 2719 ibid.
438 2695 476 2732 p.
499 2690 595 2729 427,
621 2692 683 2732 13.
727 2679 810 2719 Cfr.
833 2679 1015 2719 Boeckh.
1039 2679 1193 2719 Oecon.
1216 2680 1377 2720 Athen.
1401 2679 1479 2718 vol.
1503 2692 1536 2718 I.
1561 2693 1599 2731 p.
1623 2689 1715 2729 171.
1767 2678 1832 2718 De

318 2734 626 2775 constructione
654 2736 885 2775 ἀκολουθεῖν
908 2734 990 2786 μεθ’
1016 2736 1152 2774 ἑαυτοῦ
1173 2734 1276 2775 citat
1305 2735 1551 2775 Schaeferus
1575 2734 1754 2774 Lobeck.
1777 2735 1832 2774 ad

318 2791 475 2844 Phryn.
498 2806 539 2844 p.
562 2804 657 2844 353.
681 2796 723 2830 et
746 2791 989 2831 Dobraeum
1014 2791 1066 2830 ad
1090 2791 1308 2844 Aristoph.
1332 2790 1444 2830 Plut.
1469 2793 1561 2840 824.
1597 2790 1781 2829 FUNK.

375 2849 469 2894 608,
494 2860 556 2897 14.
579 2848 641 2886 ἐπὶ
662 2849 729 2888 τὰς
751 2851 826 2886 τῶν
847 2851 1019 2886 πολιτῶν
1041 2848 1177 2900 οἰκίας]
1204 2846 1257 2885 V.
1283 2861 1322 2899 p.
1344 2849 1439 2899 609,
1465 2859 1525 2886 10.
1567 2845 1676 2885 Vide
1705 2846 1833 2900 igitur

318 2917 439 2956 quani
463 2903 687 2942 insolenter
709 2902 750 2941 in
774 2902 976 2956 exigenda
1003 2902 1179 2956 pecunia
1202 2902 1413 2942 Andr-otio
1435 2906 1623 2942 versatus
1649 2901 1718 2951 sit,
1739 2916 1832 2942 cum
