1997 3256
331 154 417 193 830
920 152 983 191 IN
1017 151 1267 192 MIDIAM.

389 269 485 312 572,
505 259 543 297 6.
581 257 667 299 τοὺς
703 258 853 308 νόμους,
886 257 954 297 τὸν
989 257 1121 310 ὅρκον]
1160 256 1413 310 Exemplum
1448 256 1715 297 attractionis
1755 257 1854 298 tiro-

332 315 453 355 nibus
494 312 716 368 diligenter
755 313 1052 362 attendendae,
1091 313 1142 353 de
1182 327 1265 366 qua
1301 327 1336 352 v.
1374 317 1462 353 not.
1499 314 1554 353 ad
1589 328 1629 367 p.
1661 315 1757 364 462,
1794 314 1852 353 18.

335 369 584 411 SCHAEF.

389 438 486 480 572,
511 439 548 478 7.
575 427 682 476 ὑμεῖς
710 427 746 465 οἱ
774 424 988 472 δικάζοντες
1018 425 1097 478 ἀεὶ]
1136 425 1223 472 Vos,
1253 423 1543 478 qeoibuscmzque
1569 432 1604 465 et
1632 439 1857 480 quocunque

333 489 504 536 tempore
527 482 720 535 judicare
755 481 967 534 continyat.
1039 482 1127 521 You
1168 481 1251 520 wlco
1275 481 1389 533 from
1430 481 1522 521 time
1562 488 1597 521 to
1637 482 1729 522 time
1764 496 1858 534 may

333 539 490 593 huppen
518 545 553 578 to
578 539 631 578 sit
657 537 874 592 asjzodgyes.
937 536 1004 577 Sic
1032 537 1140 578 infra
1166 552 1206 591 p.
1229 538 1325 591 585,
1351 550 1416 588 24.
1450 538 1483 576 εἰ
1514 538 1667 577 θέλοιτε
1694 542 1858 578 σκοπεῖν

336 597 397 636 καὶ
422 599 560 646 ζητεῖν,
592 595 667 649 ὅτῳ
697 594 781 634 ποτ’
812 594 912 634 εἰσὶν
937 594 1043 644 ὑμῶν
1069 595 1105 633 οἱ
1136 594 1195 634 ἀεὶ
1222 594 1440 642 δικάζοντες
1469 594 1623 645 ἰσχυροὶ
1650 594 1712 633 καὶ
1737 595 1860 644 κύριοι

335 656 411 692 τῶν
437 653 479 691 εἰ·
505 652 549 706 τῇ
576 653 690 691 πόλει
716 651 884 698 πάντων,
909 651 957 689 ἄν
983 667 1024 690 τε
1052 651 1282 696 διακοσίους,
1308 650 1356 689 ἄν
1381 666 1423 689 τε
1447 650 1611 701 χιλίους,
1636 650 1684 689 ἄν
1713 649 1743 689 θ’
1769 651 1859 690 ὁπό-

336 725 429 750 σους
462 708 510 747 ἂν
545 708 567 757 ἡ
603 709 716 749 πόλις
752 708 901 756 κοθίσῃ.
936 706 1186 746 SEAGER.
1263 706 1386 745 Dim.
1428 705 1590 745 Classic.
1617 718 1685 759 55.
1722 721 1760 759 p.
1790 716 1859 760 55.

338 764 392 804 V.
412 763 720 804 Valckenarius
750 764 804 803 ad
836 762 1044 802 Herodot.
1077 775 1113 802 2.
1148 763 1213 813 98.
1248 766 1290 802 et
1312 776 1396 802 var.
1419 761 1514 801 lect.
1545 761 1599 802 ad
1629 776 1668 815 p.
1700 772 1796 816 532,
1819 776 1858 815 5.

338 820 453 871 Quae
472 820 610 860 omnia
631 820 665 859 si
683 819 1002 873 comparaveris,
1019 819 1226 873 intelliges
1248 817 1433 859 adverbii
1455 818 1579 858 aliam
1601 818 1698 858 alibi
1720 818 1861 858 sedem

337 891 439 917 esse.
483 877 740 917 SCHAEF.

396 932 742 987 παρακαταθήκην]
768 933 822 973 V.
850 932 1114 986 Phrynichus
1136 947 1177 986 p.
1200 944 1297 985 312.
1331 931 1582 972 SCHAEF.

393 1000 490 1044 572,
521 1004 581 1030 10.
604 990 907 1041 παρεδρεύοντος
936 990 1096 1041 ἄρχοντι
1124 991 1174 1043 τῷ
1195 989 1287 1041 υἱεῖ]
1323 988 1439 1028 Citat
1473 987 1708 1042 Etylnolog.
1734 987 1796 1028 M.
1819 1003 1860 1043 p.

339 1048 434 1098 699,
462 1056 539 1098 27.,
562 1045 633 1085 ubi
654 1045 761 1086 male
783 1045 936 1100 legitur
957 1046 1156 1097 ἄρχοντες.
1192 1045 1452 1084 SCHAEF.

394 1113 491 1156 572,
520 1115 583 1155 13.
612 1105 679 1141 τοῦ
710 1101 917 1155 ἄρξαντος]
955 1101 1049 1141 Hoc
1077 1106 1141 1141 est
1168 1101 1237 1155 qui
1265 1101 1439 1141 Archon
1469 1100 1562 1141 fuit.
1624 1100 1689 1140 Ut
1719 1106 1863 1141 autem

338 1160 471 1211 ἄρχων
501 1172 577 1212 per
608 1157 895 1198 excellent-iam
926 1157 1081 1198 dicitur
1113 1157 1164 1197 de
1195 1157 1414 1197 Archonte
1441 1157 1675 1211 Eponymo,
1704 1157 1764 1198 ita
1795 1157 1862 1197 hie

338 1215 467 1255 etiam
504 1216 635 1265 ἄρξας.
697 1214 794 1255 Fuit
832 1219 974 1254 autem
1012 1213 1268 1254 Chariolides
1301 1213 1457 1254 archon
1492 1214 1657 1268 Olylnp.
1700 1227 1791 1265 104,
1826 1227 1862 1254 2.

341 1271 569 1312 BUTTM.

395 1340 492 1381 572,
526 1341 583 1377 ¹4-
608 1326 776 1381 δίκαιον]
804 1327 918 1367 Male
944 1326 1011 1367 alii
1037 1327 1131 1367 libri
1157 1327 1217 1366 καὶ
1240 1328 1402 1366 δίκαιον.
1464 1326 1573 1367 Nam
1600 1328 1748 1366 δίκαιον
1770 1326 1864 1366 sub-

339 1384 512 1425 stantivi
533 1384 624 1424 lOCO
649 1385 770 1435 (μέγα
792 1385 956 1435 δίκαιον)
981 1383 1099 1424 valde
1121 1382 1349 1424 usitatum:
1384 1387 1431 1423 ut
1458 1384 1555 1434 ὑπὲρ
1583 1387 1660 1422 τῶν
1680 1381 1865 1433 εΕλληνι-

341 1446 416 1481 κῶν
438 1443 594 1481 δικαίων
605 1455 686 1494 pro
697 1439 863 1493 juribus
887 1441 1128 1480 Graecormn
1151 1439 1333 1493 Philipp.
1362 1452 1394 1479 1.
1422 1455 1462 1494 p.
1484 1452 1553 1490 40.
1583 1444 1717 1485 ext1·.;
1752 1442 1864 1479 τοῦτο

339 1501 387 1539 τὰ
415 1499 563 1537 δίκαιον
596 1501 698 1550 ἔχων
721 1497 789 1537 hoc
810 1497 922 1550 ¹juris
953 1496 1078 1545 ΐῖΐιιῖο,
1108 1497 1175 1536 Ῐιοο
1204 1503 1431 1551 armamento
1461 1510 1554 1536 usus
1583 1496 1676 1536 adv.
1706 1495 1864 1537 Conon.

340 1570 380 1608 p.
409 1556 529 1602 1266,
555 1566 592 1593 2.
654 1554 775 1605 Quod
796 1554 921 1605 hujus
942 1553 1122 1593 maxime
1143 1552 1221 1593 loci
1243 1558 1320 1593 est.
1384 1552 1612 1592 BUTTM.

397 1623 450 1664 57
461 1622 494 1655 2.
520 1612 580 1651 16.
607 1612 640 1650 εἰ
660 1610 726 1664 μὴ]
752 1610 943 1665 Intellige
965 1610 1067 1650 haee
1090 1616 1293 1663 tanquam
1321 1609 1353 1648 si
1381 1610 1570 1649 membra
1598 1608 1757 1663 periodi
1784 1608 1864 1649 hoc

341 1668 486 1707 ordine
518 1667 657 1720 posita
689 1672 852 1707 essent:
893 1669 941 1707 Εἰ
973 1666 1290 1716 κατελάμβανον,
1319 1666 1514 1718 ἄνθρωπε,
1543 1665 1651 1712 θέαν,
1681 1666 1866 1707 τίνος-ὁ

344 1726 476 1777 ἄρχων
498 1724 624 1772 αὐτὸς,
647 1726 680 1764 εἰ
700 1724 1043 1774 μὴ-ἐπειθόμηνς
1081 1722 1192 1762 SCH
1203 1723 1341 1762 AEF.

400 1785 479 1823 τοῖς
500 1781 756 1834 κηρύγμασιν]
788 1780 946 1831 Quibus
974 1779 1182 1834 peregrini
1210 1779 1465 1819 vetabantur
1496 1779 1615 1819 sedes
1646 1778 1795 1819 civium
1825 1778 1867 1818 in

343 1837 514 1878 theatro
537 1851 754 1890 occupare.
793 1837 989 1877 REISK.

401 1905 497 1947 572.
526 1906 588 1946 17.
621 1894 657 1933 εἶ
685 1894 827 1947 κύριος]
865 1893 1150 1934 Praeteritum
1184 1892 1225 1932 in
1260 1906 1456 1945 praesens
1488 1895 1710 1940 mutatum,
1740 1891 1869 1945 hypo-

344 1951 523 1991 thetice:
578 1950 687 1990 unde
722 1950 811 2003 jam
851 1951 1036 2003 pendent
1077 1949 1327 2003 sequentia:
1379 1952 1423 1988 et
1463 1948 1648 2002 applicat
1688 1962 1731 1987 se
1771 1961 1869 1986 mox

344 2009 536 2057 πείθομαι,
566 2006 745 2060 figurate
780 2007 1000 2048 ἀσυνὸέτως
1029 2020 1105 2060 pro
1133 2008 1166 2046 εἰ
1198 2007 1394 2055 πείθομαι,
1424 2009 1467 2044 et
1495 2005 1572 2044 1100
1601 2018 1676 2059 pro
1707 2005 1740 2044 εἰ
1767 2005 1869 2044 ἐπει-

345 2064 485 2114 σάμην.
521 2063 748 2102 BUTTM.

400 2132 496 2172 572,
524 2133 588 2159 20.
609 2119 820 2171 ἐπιβολὴν]
847 2119 1041 2168 ἐπιβολὴν
1056 2119 1193 2168 ζημίαν
1212 2118 1259 2157 P.
1279 2118 1428 2158 Glossa
1444 2117 1593 2171 juncta
1612 2115 1868 2171 glossemati.

347 2175 400 2215 V.
418 2176 579 2215 Aneed.
604 2175 739 2215 Bekk.
765 2190 803 2229 p.
826 2187 918 2228 1254„
947 2188 1009 2224 24.
1044 2174 1298 2214 SUHAEF.

401 2231 573 2285 μᾶλλον]
602 2232 735 2271 Abest
758 2247 783 2271 a
804 2232 922 2270 codd.
952 2230 1172 2270 nonnullis.
1227 2230 1411 2270 Videtur
1439 2229 1628 2269 consulto
1657 2229 1867 2278 omissum,

346 2289 457 2343 quod
484 2293 584 2328 ante
615 2288 719 2337 πλὴν
746 2287 929 2341 positum
962 2287 1141 2327 insolens
1170 2287 1395 2327 videretur.
1448 2286 1546 2325 Sine
1574 2300 1732 2326 caussa.
1784 2287 1869 2325 Eu-

344 2341 503 2400 ripides
544 2345 712 2385 Hei-acl.
751 2357 844 2397 230.
882 2345 1036 2384 ἅπαντα
1076 2346 1150 2394 γὰρ
1186 2342 1290 2383 ταῦτ’
1327 2343 1410 2382 ἐστὶ
1449 2344 1629 2394 κρείσσω,
1669 2342 1773 2392 πλὴν
1807 2341 1868 2382 ὑπ’

344 2402 537 2454 Ἀργείοις
557 2406 707 2442 πεσεῖν.
743 2401 944 2455 Dialogus
968 2400 1135 2440 Platon.
1158 2400 1209 2440 de
1238 2400 1348 2454 Lege
1376 2415 1416 2453 p.
1444 2410 1506 2452 17.
1531 2399 1595 2439 ed.
1619 2398 1803 2439 Boeckh.
1826 2399 1870 2438 οὐ

345 2462 419 2510 γὰρ
444 2458 524 2499 ἔσθ’
549 2460 570 2497 ὅ
594 2475 630 2497 τι
657 2459 792 2498 τούτου
821 2458 1090 2507 ἀσεβέστερόν
1117 2458 1238 2503 ἐστιν,
1263 2456 1341 2496 οὐδῆ
1364 2458 1384 2495 ὅ
1410 2473 1446 2495 τι
1474 2456 1547 2508 χρὴ
1572 2459 1728 2506 μᾶλλον
1757 2456 1870 2495 εὐλα-

345 2519 518 2565 βεῖσθαι,
538 2515 643 2565 πλὴν
666 2516 718 2556 εἰς
740 2514 850 2556 θεοὺς
872 2515 933 2553 καὶ
953 2515 1058 2567 λόγῳ
1083 2514 1144 2553 καὶ
1163 2514 1262 2567 ἔργῳ
1285 2512 1574 2564 ἐξαμαρτάνειν.
1611 2511 1864 2552 SCHAEF.

403 2573 476 2623 πρὸ
505 2571 588 2625 τοῦ]
620 2570 839 2611 Editiones
861 2576 1022 2610 veteres
1051 2570 1147 2620 πρὸς
1174 2570 1231 2619 τὸ,
1254 2569 1400 2609 fictum
1427 2568 1690 2623 ignoratione
1718 2568 1871 2607 redun-

346 2628 486 2669 dantis
528 2627 764 2682 negationis
810 2627 873 2677 μή.
937 2626 1144 2666 Nimirum
1191 2626 1265 2677 πρὸ
1306 2625 1373 2664 hic
1415 2625 1525 2665 valet
1557 2624 1693 2678 potius
1735 2638 1868 2677 quam,

345 2690 393 2725 ut
425 2685 466 2724 in
499 2685 567 2724 illo
596 2684 798 2732 Platonis,
824 2683 1038 2724 Phaedon.
1061 2698 1102 2736 p.
1126 2696 1178 2735 99
1207 2697 1244 2722 a.
1277 2684 1310 2722 εἰ
1337 2682 1388 2732 μὴ
1417 2682 1654 2732 δικαιότερον
1675 2679 1780 2734 ᾤμην
1809 2681 1871 2719 καὶ

347 2741 512 2781 κάλλιον
535 2741 645 2786 εἶναι,
669 2741 742 2791 πρὸ
764 2744 831 2779 τοῦ
854 2741 1017 2792 φεύγειν
1034 2756 1075 2779 τε
1097 2741 1159 2779 καὶ
1177 2738 1487 2789 ἀποδιδράσκειν,
1505 2737 1667 2789 ὑπέχειν
1689 2737 1733 2791 τῇ
1755 2737 1871 2776 πόλει

347 2800 454 2847 δίκην
489 2797 607 2847 ἥντιν’
632 2797 680 2836 ἂν
712 2796 840 2851 τάττῃ.
906 2796 973 2836 Ita
1009 2795 1074 2835 hio
1116 2809 1280 2848 quoque
1317 2793 1484 2848 proprie
1521 2792 1741 2832 dicendum
1778 2797 1870 2833 erat

345 2857 478 2894 πολλὰ
500 2853 759 2902 πεποιήκασιν
781 2855 816 2892 οἱ
846 2854 969 2903 νόμοι,
992 2852 1066 2903 πρὸ
1088 2855 1155 2890 τοῦ
1184 2852 1227 2890 τὸ
1253 2854 1364 2897 σῶμα
1391 2851 1558 2888 ἕκαστον
1580 2850 1806 2900 ὑβρίζεσθαι
1827 2849 1867 2888 11.

346 2924 380 2949 e.
405 2918 428 2932 ‘⁶
450 2910 582 2949 multa
612 2909 885 2949 instituerunt
916 2909 1026 2962 leges
1051 2912 1175 2960 (quae
1204 2906 1292 2946 fieri
1316 2906 1490 2956 debent)
1514 2910 1742 2958 antequam
1771 2905 1809 2944 h.
1834 2919 1868 2945 e.

347 2966 486 3019 potius
510 2980 633 3019 quam
658 2980 809 3017 corpusv
831 2964 1010 3015 cujusvis
1031 2962 1280 3003 contumelia
1303 2961 1549 3002 afficiaturf'
1594 2961 1708 3001 Huic
1729 2966 1871 3001 autem
