1997 3256
502 156 825 199 ADVERSUS
859 159 1277 200 TIMOORATEM.
1541 163 1652 206 1009

131 274 227 301 nam
258 260 460 301 orationis
495 267 659 315 partem
697 278 791 303 eum
822 269 1015 317 suspecta
1045 266 1233 305 conferas
1269 264 1459 305 hiatuum
1489 266 1651 307 ratione

130 316 291 358 habita.
356 317 404 357 In
437 318 741 373 quinquaginta
773 325 933 374 septem
964 320 1055 360 istis
1092 321 1366 375 paragraphis
1400 335 1446 360 12
1451 323 1647 375 5.-182.

128 373 214 413 fere
245 378 413 413 centum
441 376 654 428 graviores
690 376 829 416 hiatus
864 377 1070 430 leguntur,
1102 377 1143 416 in
1176 373 1342 417 centum
1373 381 1416 418 et
1448 378 1649 432 quinqua-

127 428 249 482 ginta
277 435 374 470 0010
402 444 595 481 1.-124.
624 444 872 485 214.—-247.
896 433 961 472 vix
985 433 1126 472 decem
1155 433 1432 486 reperiuntur,
1457 449 1478 473 e
1500 435 1648 487 quibus

127 489 214 525 tres
245 486 433 526 codicum
465 488 722 528 auctorita-te
750 494 925 542 possunt
954 489 1168 537 removeri,
1198 489 1267 529 alii
1297 489 1497 539 excusari,
1528 490 1595 530 alii
1625 505 1647 531 e

127 542 370 595 conjectura
396 543 498 584 tolli.
564 544 679 595 Quae
707 559 834 598 quum
861 545 1140 599 perpenderis,
1168 560 1330 585 meeum
1356 545 1482 586 facies
1510 550 1647 587 statu-

125 603 222 638 ente
254 600 541 653 paragraphos
574 613 665 653 125.
698 615 829 654 usque
861 602 916 641 ad
949 604 1038 640 182.
1073 616 1155 641 11011
1188 616 1276 641 esse
1307 617 1332 642 a
1364 602 1648 643 Demosthene

125 654 348 707 profectas,
383 656 579 710 quoniam
607 655 717 696 idem
746 657 926 711 scriptor
954 658 1070 710 isque
1099 658 1139 697 in
1169 658 1315 697 eadem
1343 657 1532 698 oratione
1563 673 1647 698 non

124 716 213 750 tam
249 711 310 751 sui
348 711 476 765 ipsius
513 713 721 752 dissimilis
763 728 851 753 esse
891 718 1044 767 potest.
1110 714 1309 753 Fortasse
1347 728 1420 754 eae
1460 719 1558 754 sunt
1594 729 1646 754 ex

124 767 400 808 Euctemonis
433 769 622 809 oratione
654 769 719 809 hie
750 769 943 809 insertae.
1006 770 1310 809 Eucteinonem
1337 770 1447 809 enim
1474 775 1517 809 et
1544 770 1643 810 Dio-

124 824 272 863 dorum
301 830 448 865 contra
476 826 583 866 hanc
611 825 743 879 legem
768 826 930 865 locutos
958 840 1047 865 esse
1075 840 1126 865 ex
1154 830 1402 880 argumento
1429 826 1482 866 ad
1507 826 1644 866 Timo-

123 885 311 921 crateam
343 881 498 934 scripto
530 882 774 922 concludere
804 881 913 922 licet.
976 881 1085 933 Quid
1115 882 1277 922 multa?
1311 882 1470 922 factum
1506 887 1570 923 est
1601 883 1643 923 in

122 936 200 977 hac
222 937 414 978 oratione
436 938 557 987 idem,
581 939 692 991 quod
719 938 760 977 in
784 938 1018 992 Philippica
1041 943 1205 992 quarta,
1229 943 1276 978 ut
1306 939 1451 979 rhetor
1473 939 1641 992 quidam

121 997 198 1033 aut
217 993 506 1048 ludimagister
527 1009 577 1034 ex
599 994 786 1048 pluribus
808 994 1067 1035 orationibus
1089 1009 1215 1035 unam
1236 995 1497 1036 conficeret.”

181 1060 276 1102 759,
293 1062 358 1103 23.
380 1050 618 1103 πρᾳοτάτους
641 1051 701 1090 καὶ
721 1050 1018 1105 μετριωτάτους]
1043 1050 1187 1103 πρᾴους
1210 1052 1271 1091 καὶ
1290 1053 1468 1103 μετρίους
1488 1066 1528 1105 p.
1546 1054 1640 1104 760,

126 1118 188 1146 10.
236 1106 290 1146 V.
316 1106 551 1160 Lennepius
573 1107 626 1147 ad
650 1107 817 1147 Phalar.
840 1122 880 1161 p.
907 1109 996 1159 184.
1017 1122 1054 1147 a.
1099 1107 1352 1148 SCHAEF.

182 1172 203 1215 7
208 1172 275 1217 59,
301 1173 366 1214 27.
396 1161 491 1203 ὅταν
511 1165 584 1213 μὲν
606 1166 680 1215 γὰρ
701 1165 815 1218 λέγῃ]
853 1164 984 1203 Deest
1004 1163 1069 1202 1110
1096 1163 1254 1217 aliquid
1276 1168 1319 1204 et
1340 1163 1504 1204 videtur
1524 1164 1640 1205 locus

119 1219 173 1258 ad
205 1219 314 1258 hunc
345 1219 473 1258 ferme
503 1219 671 1259 modum
702 1219 905 1273 integrari
938 1234 1082 1274 posse:
1118 1219 1212 1260 ὅταν
1232 1222 1305 1270 μὲν
1326 1222 1400 1271 γὰρ
1424 1220 1494 1260 τὸν
1520 1222 1640 1270 νόμον

119 1275 333 1315 τεθεικέναι
363 1276 475 1327 λέγῃ.
528 1280 626 1316 aut:
658 1275 753 1316 ὅταν
783 1278 855 1326 μὲν
886 1278 960 1327 γὰρ
995 1279 1258 1327 προνοηθῆναι
1292 1277 1403 1331 λέγῃ.
1460 1276 1572 1327 Quod
1604 1278 1640 1317 si

118 1331 221 1370 enim
241 1332 376 1384 jactet,
399 1346 436 1372 se
462 1332 580 1386 Zegyem
608 1332 693 1373 ideo
724 1332 867 1381 tulisse,
893 1334 986 1385 (aut
1006 1347 1044 1372 se
1061 1333 1319 1384 providisse)
1342 1347 1416 1386 quo
1428 1357 1496 1373 —.
1557 1332 1640 1373 Sed

118 1387 258 1441 potius
279 1389 405 1428 verba
433 1388 502 1428 τὸν
524 1389 644 1439 νόμον
664 1388 878 1428 τεθεικέναι
900 1403 1024 1442 quam
1055 1392 1318 1439 προνοηθῆναι
1345 1389 1488 1429 deesse
1518 1393 1639 1443 patet

118 1458 140 1483 e
162 1443 297 1484 verbis
319 1460 354 1484 v.
380 1445 444 1484 28.
466 1444 565 1484 τοῦτ’
585 1445 732 1495 ἔθηκεν.
796 1444 911 1495 Quae
932 1445 1058 1485 verba
1088 1444 1249 1498 pariter
1279 1449 1477 1498 corrupta
1505 1449 1548 1486 et
1579 1446 1638 1485 sic

116 1499 292 1555 legenda
323 1500 539 1541 videntur:
578 1502 621 1540 οὐ
652 1504 726 1553 γὰρ
757 1502 894 1541 τούτου
926 1501 1040 1541 ἕνεκα
1070 1503 1207 1541 τοῦτον
1240 1502 1328 1553 (τὸν
1360 1503 1480 1551 νόμον
1510 1503 1633 1555 puta)

116 1557 265 1607 ἔθηκεν.
318 1571 394 1598 non
427 1558 530 1597 enim
563 1557 680 1610 lczcjas
719 1557 780 1596 rei
820 1571 959 1597 caussa
995 1557 1113 1610 ἔθραυε
1148 1557 1249 1597 hanc
1288 1557 1392 1597 tulit.
1440 1557 1634 1598 REISK.

117 1613 232 1653 Nihil
253 1614 382 1654 deest.
445 1614 599 1654 Verte:
638 1613 803 1663 Qeoando
834 1613 937 1653 enim
968 1613 1071 1653 dicet
1100 1613 1192 1653 haec
1222 1613 1349 1662 verba,
1372 1612 1477 1656 ὅπως
1503 1615 1636 1664 μηδεὶς

115 1670 321 1719 δεθήσεται
340 1669 572 1721 Ἀθηναίων.
640 1670 726 1710 Nec
757 1684 864 1723 quae
896 1674 1139 1723 sequuntur⁷
1173 1670 1216 1709 οὐ
1247 1672 1321 1721 γὰρ
1351 1670 1454 1709 τοῦτἹ
1483 1671 1631 1721 ἔθηκεν,

115 1731 315 1780 corrupta
336 1732 446 1776 sunt,
469 1741 708 1780 quanquam
731 1726 857 1766 etiam
881 1725 1062 1780 Seagero
1084 1726 1396 1779 displicuerunt.
1460 1731 1483 1748 ‘⁶
1500 1726 1636 1767 Inter-

116 1783 535 1836 peliend11n1”i1]quit
564 1783 701 1835 (Diar.
725 1782 894 1824 Classic.
922 1784 990 1835 58.
1019 1798 1056 1836 p.
1082 1785 1201 1836 365.)
1228 1787 1251 1803 “
1267 1782 1341 1822 διά.
1383 1783 1427 1822 οὐ
1457 1785 1531 1834 γὰρ
1563 1786 1636 1823 διὰ

114 1839 215 1879 τοῦτ’
234 1840 382 1890 ἔθηκεν,
407 1839 495 1879 ἀλλ’
512 1838 616 1881 ὅπως
640 1857 671 1879 κ.
692 1856 725 1879 τ.
747 1839 811 1878 >U
872 1839 1038 1879 Scilicet
1063 1841 1174 1878 τοῦτο
1206 1838 1417 1893 significat
1448 1839 1549 1878 illud
1576 1839 1635 1894 ip-

115 1909 218 1944 sum,
249 1896 353 1938 ὅπως
386 1896 518 1946 μηδεὶς
553 1895 757 1945 δεθήσεται
780 1894 1011 1945 Ἀθηναίων.
1057 1895 1316 1935 SCHAEF.
1379 1898 1505 1935 θεῖναι
1538 1901 1635 1949 post

114 1951 334 2002 Ἀθηναίων
355 1952 452 1992 addi
474 1952 640 1992 volebat
663 1952 894 1992 Dobraeus.

174 2010 268 2061 761,
295 2022 358 2050 20.
382 2011 429 2048 τὰ
450 2009 609 2059 τούτων]
644 2008 824 2060 χρήματα
844 2012 961 2061 puta.
1001 2022 1100 2061 opes,
1122 2021 1222 2062 quae
1242 2007 1379 2047 horum
1406 2013 1506 2056 szmt,
1525 2007 1633 2061 judi-

115 2078 209 2104 cum
248 2069 366 2119 puta,
404 2079 545 2105 coram
581 2064 730 2118 quibus
770 2065 872 2104 haec
913 2078 1061 2104 caussa
1100 2064 1252 2118 agitur,
1296 2078 1461 2117 unaque
1501 2064 1634 2104 totius

114 2121 267 2175 populi,
292 2135 467 2175 quorum
498 2135 718 2174 personam
745 2120 906 2174 judices
927 2120 968 2160 in
992 2120 1212 2161 Heliaeam
1233 2120 1443 2174 congressi
1469 2135 1634 2174 reprae-

115 2178 356 2218 sentabant.
413 2177 653 2218 Androtion
674 2177 785 2217 enim
807 2191 900 2216 011111
922 2177 1041 2217 sociis
1062 2176 1278 2231 peculatus
1298 2191 1394 2216 reus
1414 2177 1632 2231 agebatur.

172 2293 266 2344 761,
302 2304 367 2333 21.
398 2293 610 2345 πολλοστῷ
646 2292 792 2344 χρόνῳ]
849 2290 1110 2344 Longissimo
1143 2294 1333 2343 tempore
1372 2294 1470 2344 post
1505 2303 1631 2343 quam

114 2352 342 2401 coeperunt
372 2347 523 2387 debere
559 2352 602 2387 et
636 2347 817 2387 mulctae
854 2346 1119 2385 condemnati
1152 2350 1261 2385 sunt.
1310 2346 1534 2387 πολλοστὸς
1564 2345 1630 2384 1110

114 2418 197 2444 non
218 2403 383 2450 1111111111,
413 2403 483 2443 sed
514 2407 653 2457 auget.
708 2408 897 2456 tempore
927 2401 1069 2441 multis
1097 2401 1230 2441 modis
1260 2402 1419 2454 majore
1441 2415 1567 2453 quam
1588 2401 1631 2440 id

114 2464 190 2508 est,
215 2475 296 2514 quo
317 2475 388 2500 eos
409 2460 634 2513 oportebat
659 2459 875 2512 pecuniam
897 2458 1142 2512 dependere,
1166 2462 1213 2497 111
1235 2456 1281 2505 si,
1304 2456 1416 2497 intra
1439 2456 1632 2497 duodeci-

113 2530 228 2556 mum
254 2531 437 2556 mensem
459 2516 528 2570 qui
550 2515 803 2561 debuissent,
828 2514 854 2553 ii
877 2514 944 2554 vix
966 2514 1209 2554 duodecimo
1231 2527 1341 2553 anno
1363 2517 1459 2566 post
1480 2513 1631 2566 depen-

114 2573 276 2613 derent.
335 2573 388 2612 V.
415 2587 453 2626 p.
483 2585 602 2625 1304,
631 2586 692 2611 10.
736 2571 929 2610 REISK.
996 2570 1231 2618 πολλοστὸς,
1269 2583 1431 2623 semper
1471 2569 1631 2609 indicat

114 2629 448 2670 multitudinem:
481 2632 529 2668 ut
550 2642 712 2681 semper
734 2627 788 2667 sit
810 2627 1025 2677 αὐξητικὸν,
1046 2640 1258 2679 nunquam
1277 2627 1493 2675 μειωτικόν.
1536 2630 1632 2664 πολ-

113 2689 264 2726 λοστὸν
284 2685 413 2737 μέρος,
436 2699 535 2738 pars
559 2684 617 2723 rei
643 2684 795 2724 multas
824 2683 866 2722 in
897 2687 1038 2736 partes
1060 2681 1229 2729 divisae,
1252 2681 1386 2734 qualis
1413 2695 1511 2734 pars
1537 2695 1631 2720 cum

115 2746 209 2782 tota
230 2757 275 2782 re
296 2746 539 2795 comparata
561 2755 643 2780 non
664 2744 805 2794 potest
827 2753 907 2779 non
926 2753 1015 2779 esse
1032 2738 1193 2791 exigua.
1231 2738 1457 2778 πολλοστὸς
1477 2738 1630 2789 χρόνος,

114 2798 314 2838 articulus
335 2797 536 2852 temporis
565 2797 697 2837 multa
722 2796 763 2836 in
791 2795 1009 2836 intervalla
1031 2794 1160 2842 divisi,
1185 2793 1295 2847 quali
1321 2792 1497 2833 articulo
1519 2792 1630 2846 quod

114 2854 303 2895 futurum
324 2869 413 2895 esse
434 2854 598 2902 dicitur,
621 2868 703 2893 non
732 2856 873 2907 potest
901 2866 982 2891 non
1014 2855 1110 2905 post
1140 2851 1307 2904 longum
1339 2854 1502 2903 tempus
1526 2847 1631 2890 fieri.

115 2910 369 2952 SOHAEF.

844 2980 907 3003 EO
