1997 3256
491 146 815 188 ADVERSUS
848 148 1268 189 TIMOCRATEM.
1554 151 1639 193 983

183 261 276 303 714,
307 252 345 291 6.
385 251 726 306 προσεγέγραπτο]
766 252 1086 305 προσγέγραπται
1125 254 1287 307 aliquot
1327 253 1446 293 codd.
1507 253 1639 293 Recte

121 306 252 348 habet
276 307 458 362 vulgata.
480 308 731 360 adscriptum
758 316 871 359 erat,
894 309 1051 349 scilicet
1077 314 1304 362 antequam
1327 309 1491 349 Diocles
1519 324 1638 349 suam

122 363 255 418 legem
276 364 417 404 ferret.
450 364 701 404 SCHAEF.

183 430 279 472 714,
303 420 339 459 8.
362 421 528 469 ὕστερον
549 422 589 460 δὲ
612 421 775 472 γράφων
796 422 859 461 ἐπὶ
884 421 1050 475 τούτοις]
1078 422 1197 461 Idem
1222 426 1287 462 est
1308 436 1355 461 ae
1377 420 1411 459 si
1434 421 1608 461 dixisset
1628 437 1635 461 :

122 478 221 526 μετὰ
249 477 407 518 τούτους
435 478 475 516 δὲ
496 477 585 518 τοὺς
612 477 845 527 εἰρημένους,
868 478 955 518 τοὺς
980 477 1227 528 ὑπάρχοντας
1255 479 1406 527 νόμους.
1435 477 1504 530 qui
1524 477 1641 530 leyen&

120 531 225 571 hanc
236 531 407 584 ferebat,
431 532 597 572 Diocles
620 539 735 587 put-a,
747 534 886 586 χοι-(ηις
909 533 1021 586 [oyem
1041 533 1144 572 hanc
1162 547 1280 572 snam
1302 533 1414 572 modo
1435 532 1641 573 recitatam

114 592 208 642 post
227 587 320 628 illas
340 588 452 628 modo
473 596 790 629 commemoratas
810 604 847 642 p.
875 600 967 642 713,
993 602 1057 629 20.
1091 589 1285 628 REISK.

183 654 276 696 714,
306 657 367 684 10.
396 645 484 687 τοὺς
511 645 857 696 αὐτοὺς-κυρίους
886 645 1002 697 εἶναι]
1030 645 1190 684 Verte:
1225 645 1378 685 easdem
1405 644 1451 684 de
1479 643 1638 697 bessibus,

110 699 249 752 jussas
279 700 371 740 illas
405 707 505 741 certo
536 707 719 754 tempore,
740 707 956 755 postquam
989 701 1096 741 ἷαῖαο
1128 707 1266 748 essent.
1300 701 1342 740 υἱ
1372 714 1448 740 sua
1473 699 1639 753 pollere.

182 822 276 865 714,
304 826 367 852 11.
396 812 784 865 ἀναγεγραμμένους]
817 812 1112 864 γεγραμμένους
1144 811 1197 851 Α.
1224 812 1264 851 k.
1293 826 1324 852 s.
1354 811 1466 865 quod
1498 826 1641 851 verum

121 872 238 922 puto.
301 868 536 923 Legislator
563 869 707 920 γράφει
740 870 868 920 κύριον
900 868 998 908 εἶναι
1026 868 1096 907 τὸν
1130 869 1262 918 νόμον,
1294 883 1375 907 non
1404 869 1639 919 ἀναγράφει.

123 924 420 975 ἀναγράφονται
441 925 555 978 ipsae
577 925 698 979 leges,
722 939 756 964 e.
780 940 813 964 e.
838 926 892 967 εἰς
912 925 1105 974 λεύκωμα,
1126 927 1179 966 εἰς
1201 924 1364 974 στήλην.
1390 923 1641 964 SOHAEF.

122 980 193 1020 Sic
214 980 343 1020 etiam
364 980 608 1021 Dobraeus:
635 987 658 1003 ‘⁴
677 981 830 1020 Melior
850 980 1015 1020 videtur
1035 980 1158 1020 lectio
1181 981 1484 1032 γεγραμμένους.
1522 980 1641 1021 Cete-

122 1051 216 1076 rum
251 1041 379 1085 verte,
417 1037 514 1077 istas
548 1037 644 1091 leges
683 1036 824 1091 quibus
864 1037 908 1076 in,
949 1037 1049 1089 *ipsis
1085 1038 1280 1091 scriptum
1319 1043 1404 1077 erat
1446 1042 1489 1076 ut
1531 1043 1643 1077 ratae

122 1098 247 1133 essent
277 1093 382 1133 etc.”

182 1159 276 1201 714,
304 1162 366 1189 12.
388 1149 457 1201 ἀφ’
479 1149 541 1202 ἧς]
572 1148 665 1189 Non
695 1154 759 1190 cst
787 1150 811 1189 i.
831 1164 869 1203 q.
894 1150 936 1189 ἐν
963 1147 1000 1203 ᾗ.
1025 1149 1216 1199 ἐτέθησαν
1244 1149 1353 1189 enim
1378 1149 1445 1188 hie
1474 1148 1640 1199 dieitur,

121 1218 207 1244 non
235 1207 436 1257 ἀορίστως,
466 1206 538 1246 Sed
565 1206 867 1257 παρακειμένως.
931 1206 1105 1245 Resolve
1134 1205 1263 1259 igitur
1284 1206 1367 1245 Sic:
1403 1204 1469 1257 ἀφ’
1494 1206 1538 1255 ἧς
1566 1206 1643 1245 εἰσὶ

121 1261 351 1312 τεθειμένοι.
382 1276 407 1301 α
438 1276 512 1316 quo
542 1262 606 1302 die
635 1263 778 1302 civitas
807 1261 917 1303 habet
948 1261 1063 1302 tatas.
1109 1262 1177 1302 Sic
1209 1262 1337 1302 etiam
1366 1277 1402 1301 v.
1426 1271 1487 1314 17.
1526 1261 1644 1302 Conf.

123 1322 212 1358 not.
233 1317 288 1357 ad
309 1333 346 1357 v.
366 1331 430 1358 21.
479 1318 728 1359 SCHAEF.

180 1373 390 1428 πρότερον]
424 1374 537 1414 Elale
564 1374 633 1414 alii
659 1373 754 1414 libri
782 1374 832 1424 μὴ
860 1375 1061 1425 πρότερον.
1103 1373 1322 1414 Sententia
1349 1378 1440 1414 est:
1477 1373 1643 1413 Diocles

119 1443 304 1484 aequum
333 1431 447 1470 haud
473 1430 676 1484 judicavit
699 1445 789 1470 esse
818 1430 977 1484 legibus
1004 1430 1081 1469 illis
1110 1430 1324 1483 antiquius
1354 1429 1519 1469 initium
1547 1444 1646 1469 auo-

124 1486 311 1526 toritatis
352 1501 378 1526 a
418 1501 461 1526 se
502 1486 702 1527 constitui
744 1501 870 1540 quam
912 1485 990 1540 ipsi
1024 1486 1252 1526 voluissent
1292 1500 1437 1526 earum
1475 1486 1643 1526 latores.

126 1542 321 1583 REISK.

185 1609 278 1651 714,
307 1609 369 1651 17.
405 1598 556 1654 κυρίαν]
596 1599 707 1640 Puto
744 1600 885 1650 κύριον.
946 1599 1109 1639 Referri
1141 1598 1251 1639 enim
1281 1598 1447 1638 videtur
1477 1612 1559 1638 non
1590 1597 1643 1637 ad

122 1655 284 1706 ἡμέραν,
308 1655 381 1695 sed
401 1656 455 1695 ad
477 1657 608 1706 νόμον.
639 1656 669 1695 J
675 1655 838 1696 URIN.
890 1656 1026 1695 Immo
1048 1655 1230 1695 refertur
1249 1655 1304 1696 ad
1325 1654 1482 1706 ἡμέραν.
1517 1655 1646 1704 κύριον

123 1711 282 1752 dieitur
301 1716 466 1765 tempus
492 1711 723 1760 definitum,
746 1726 827 1765 quo
850 1711 951 1766 quid
975 1711 1065 1751 fieri
1091 1711 1228 1759 debet,
1251 1712 1291 1751 h.
1314 1711 1339 1750 l.
1364 1725 1445 1763 quo
1467 1710 1533 1750 lex
1558 1710 1645 1750 lata

123 1767 255 1808 etiam
289 1772 386 1808 rata
419 1768 481 1808 fit..
533 1767 587 1807 V.
613 1768 660 1808 L.
684 1768 799 1808 Bosii
836 1768 980 1821 Ellips.
1016 1782 1057 1821 p.
1087 1778 1176 1820 177.
1211 1772 1255 1807 et
1292 1764 1646 1821 Schweigh'auseri

128 1823 269 1865 Lexic.
294 1824 500 1865 Herodot.
524 1824 602 1864 vol.
627 1838 664 1866 2.
688 1840 729 1878 p.
754 1826 801 1864 61
828 1839 866 1864 a.
903 1823 1155 1865 SCHAEF.

187 1892 280 1933 714„
301 1892 366 1920 21.
390 1882 433 1920 ἐν
452 1879 496 1936 ᾗ]
523 1880 586 1920 Ne
609 1894 825 1934 compares
847 1880 913 1932 ἀφ’
936 1881 980 1931 ἧς
999 1895 1036 1920 v.
1059 1892 1122 1919 12.
1144 1884 1187 1920 et
1206 1889 1268 1931 17.
1311 1878 1419 1919 Nam
1440 1877 1520 1917 illie
1543 1877 1647 1917 indi-

124 1937 295 1987 eaturv‘]
326 1936 402 1977 ἀπὸ
429 1938 574 1989 χρόνον
605 1937 771 1990 σχέσις;
806 1936 875 1977 hie
907 1941 1072 1989 tempus
1103 1935 1364 1990 significatur
1396 1933 1647 1974 Timocratis

126 1993 199 2043 τὴν
220 1994 458 2044 νομοθεσίαν
479 1997 782 2048 antegressum.
817 1993 1066 2034 SCHAEF.

187 2060 281 2102 714,
307 2061 372 2101 29.
403 2051 515 2099 Μηδὲ
542 2050 629 2100 περὶ
656 2053 732 2089 τῶν
759 2051 922 2102 ἀτίμων]
954 2048 1141 2089 Subaudi
1172 2048 1314 2098 ἐξέστω
1342 2046 1478 2098 λέγειν
1505 2045 1527 2096 ἢ
1557 2045 1649 2097 γρά-

125 2111 236 2157 φειν.
297 2105 467 2145 Nemini
485 2105 595 2145 liceto
620 2119 689 2145 seu
714 2105 889 2146 oratione
907 2119 976 2146 seu
1000 2105 1079 2159 leffe
1100 2104 1252 2158 populo
1277 2103 1447 2143 suadere
1467 2109 1510 2142 ut
1530 2102 1592 2151 isis,
1614 2103 1649 2141 si

124 2161 200 2216 qui
219 2161 300 2201 sint
320 2161 496 2214 infamia
517 2162 655 2209 notati,
667 2161 772 2214 jura
792 2162 1024 2215 honoresque
1046 2161 1240 2201 restituat.
1273 2159 1468 2199 REISK.
1516 2158 1649 2197 Immo

125 2217 461 2258 subaudiendum
485 2219 745 2270 χρηματίζειν.
788 2218 938 2258 Discas
960 2218 1002 2257 id
1023 2232 1045 2257 e
1067 2232 1106 2270 p.
1132 2227 1225 2270 715,
1248 2230 1287 2266 4.
1350 2216 1649 2255 Antecesserat

128 2274 207 2314 hoc
228 2274 399 2314 verbum
419 2273 461 2313 in
481 2273 584 2328 lege,
608 2275 726 2327 eujus
748 2279 874 2328 eaput
895 2275 936 2314 h.
955 2274 979 2314 l.
997 2273 1225 2313 recitatur:
1257 2287 1354 2312 nam
1373 2276 1539 2325 partem
1561 2271 1649 2324 ejus

128 2330 309 2378 recitari,
339 2344 421 2369 non
450 2330 659 2384 integram
686 2330 830 2384 legem,
861 2344 967 2383 quae
997 2329 1133 2383 prima
1163 2328 1317 2382 legitur
1347 2326 1554 2380 particula
1584 2341 1649 2366 ar-

126 2386 237 2441 guit.
272 2385 523 2426 SOHAEF.

190 2453 283 2495 715,
305 2454 341 2481 2.
357 2441 517 2495 τάξεως]
539 2442 628 2492 περὶ
648 2442 831 2493 ἀφέσεως
846 2440 999 2491 τάξεως,
1019 2440 1197 2480 τουτέστι
1215 2440 1430 2491 στρατείας.
1456 2438 1649 2478 WOLF.

131 2499 257 2539 Hanc
289 2497 680 2551 interpretationem
707 2497 802 2551 jure
837 2496 1106 2550 reprehendit
1142 2496 1307 2536 Petitus
1345 2495 1386 2534 in
1422 2495 1520 2548 Leg.
1554 2495 1650 2534 Att.

129 2570 172 2609 p.
197 2565 295 2607 470,
328 2553 416 2607 ipse
446 2553 527 2593 alio
558 2554 682 2593 modo
713 2567 883 2593 errans:
930 2553 1149 2606 Ulpianus,
1177 2551 1309 2591 ’Άλλο
1341 2555 1458 2590 καλεῖ
1485 2552 1646 2602 ἄφεσιν,

129 2612 233 2651 ἄλλο
270 2614 383 2650 καλεῖ
413 2609 533 2659 τάξιν.
595 2609 757 2649 Deinde
793 2610 938 2660 ἄφεσιν
975 2608 1176 2662 pluribus,
1214 2608 1321 2657 τάξιν
1355 2606 1479 2645 nullis
1514 2605 1650 2646 verbis

129 2667 324 2720 explicat.
386 2664 478 2719 Ego
499 2680 573 2719 per
597 2666 744 2716 ἄφεσιν
764 2669 832 2704 τοῦ
857 2665 1086 2715 ὀφλήματος
1106 2663 1294 2717 intelligo
1315 2662 1481 2703 tabulas
1508 2675 1650 2710 novas,

130 2723 203 2762 ubi
234 2736 385 2763 nomen
420 2720 623 2761 debitoris
654 2721 697 2760 in
729 2720 947 2774 spongiam
979 2720 1168 2760 incubuit
1199 2724 1242 2759 et
1272 2732 1343 2759 aes
1378 2718 1558 2758 alienum
1590 2717 1653 2757 vel

131 2778 251 2833 plene
278 2778 341 2818 vel
367 2778 505 2832 aliqua
532 2783 655 2817 tenus
683 2782 804 2831 parte
831 2776 867 2816 ei
900 2776 1173 2816 condonatur.
1208 2775 1311 2824 τάξις
1339 2779 1403 2814 est
1431 2773 1650 2813 conventio

132 2835 243 2875 inter
269 2839 424 2888 parteS‚
448 2849 530 2887 qua
558 2833 759 2873 debitoris
786 2832 951 2885 inopiae
979 2831 1040 2872 ita
1068 2831 1334 2879 succurritur,
1358 2835 1417 2878 ut,
1441 2829 1552 2883 quod
1584 2829 1649 2869 ille

129 2891 380 2938 universum,
413 2890 533 2930 salvis
565 2889 689 2929 rebus
720 2888 1002 2930 familiaribus
1035 2887 1208 2927 reddere
1239 2891 1432 2939 nequeat,
1459 2886 1504 2925 id
1536 2885 1649 2924 unci-
