1997 3256
705 158 765 198 IN
800 159 1053 199 MIDIAM.
1554 163 1629 203 75]

124 279 164 319 p.
186 275 282 318 522.
307 264 389 303 ἐστὶ
411 265 450 303 δὲ
472 266 625 314 πρῶτον
646 265 718 313 μὲι
741 265 866 304 ἐκεῖιο
895 265 963 304 οὐκ
989 266 1131 314 ἄδηλος
1153 266 1262 317 ἐρῶν,
1286 266 1335 308 ὡς
1358 268 1464 317 εἴπερ
1487 268 1640 316 ἀληθῶς

125 321 358 360 ἐπεπόνθειν
379 323 499 359 ταῦτα
520 320 544 358 ’ὰ
565 319 682 370 λέγω,
706 321 811 361 δίκας
834 322 930 361 ἰδίας
960 338 1025 370 μοι
1046 338 1241 371 προσηκεν
1263 323 1363 376 αὐτῷ
1385 327 1578 374 λαχεῖν..

123 376 296 426 βλάβης,
321 377 374 415 ὧν
396 374 425 415 δ’
445 377 498 416 εἰς
519 375 561 413 τὸ
584 379 695 425 σῶμα
721 378 908 426 ἱβρίσθαι
931 377 1026 427 φημὶ
1052 379 1212 426 ὕβρεως,
1236 378 1280 416 οὐ
1305 381 1359 427 μὰ
1382 378 1447 417 Δί’
1461 379 1547 430 οὐχι
1574 382 1638 428 δη-

125 433 245 484 μοσίᾳ
267 432 410 482 κρίνεα
430 431 560 477 αὐτοι
583 431 713 471 totius
735 431 912 471 actionis
935 432 1181 471 calumniam
1203 433 1378 472 contine
1371 438 1445 473 int
1476 448 1558 472 11011
1585 435 1640 474 ab

126 488 314 537 ἀσεβείας
336 490 467 538 γραφῇ
491 463 562 525 sed
592 502 617 526 a
646 488 825 542 προβολῇ
849 487 1073 541 repetitam
1087 498 1114 535 ε,
1138 503 1219 540 qua
1244 494 1371 541 negat
1394 489 1640 529 Demosthe-

124 557 218 582 nem
248 557 416 581 usurum
446 543 583 590 fuisse,
607 543 639 581 si
670 544 762 596 jure
795 543 934 596 potius
964 558 1037 582 suo
1060 557 1185 596 quam
1217 544 1356 596 populi
1382 546 1523 584 favore
1545 559 1640 584 con-

124 598 223 637 fisus
245 604 379 644 esset;
415 598 563 638 deinde
594 613 680 637 rem
710 599 764 638 ad
795 599 981 651 privatas
1012 598 1253 638 inimicitias
1284 605 1463 647 revocat,
1489 600 1639 640 Demo-

124 654 260 694 stheni
296 654 491 694 invidiam
523 655 707 694 excitare
737 655 891 701 studet,
915 669 989 694 sua
1019 654 1171 693 merita
1196 655 1347 707 jactat,
1370 655 1545 694 aliorum
1572 670 1640 695 ex-

124 711 260 764 empla
291 710 459 764 colligit,
488 711 636 763 quibus
664 711 831 763 impune
861 710 988 749 fuerit
1018 710 1311 749 contumeliam
1343 710 1500 749 civibus
1532 711 1641 750 intu—

125 766 234 815 lisse,
267 767 366 819 quid
398 766 556 806 multa?
587 766 735 819 quibus
771 769 912 819 potest
947 765 1080 804 modis
1115 765 1247 817 ipsam
1281 767 1430 816 ὕβρεως
1461 766 1642 819 speciem

124 827 340 870 extenuat,
381 837 514 875 neque
554 822 680 860 ullum
724 821 857 874 magis
903 820 1174 874 impugnandi
1221 821 1355 860 locum
1400 822 1640 862 adversario

123 879 308 931 praebet,
333 892 455 930 quam
486 882 533 917 ut
554 876 749 930 quicquid
778 876 923 916 fecerit
951 879 1074 927 ὕβρει,
1098 876 1140 915 id
1171 881 1235 916 est
1262 877 1400 917 animo
1427 877 1639 931 injurioso,

123 934 267 973 fecisse
297 933 582 986 intelligaturf
596 949 604 978 ;
640 932 705 972 cui
736 932 769 971 si
800 932 865 971 hic
896 932 1066 986 insuper
1095 932 1250 985 passim
1271 933 1441 973 deorum
1473 934 1640 973 immor-

124 989 268 1029 talium
291 988 510 1043 religiones
538 989 672 1028 laesas
693 988 902 1042 adjungit,
924 1003 1005 1027 11011
1037 988 1115 1028 1100
1145 993 1322 1042 spectat,
1346 994 1393 1029 ut
1414 994 1639 1043 propterea

122 1045 204 1084 alia
237 1059 371 1098 poena
406 1044 562 1084 Midias
596 1045 831 1092 damnetur,
866 1045 935 1083 sed
974 1049 1023 1084 ut
1058 1059 1162 1093 eam,
1193 1060 1317 1097 quam
1346 1046 1434 1098 jam
1467 1052 1641 1099 propter

121 1102 237 1151 ὕβριν
255 1100 360 1141 satis
382 1115 587 1154 superque
608 1100 807 1141 meruerit
826 1107 884 1154 (p.
902 1102 1034 1153 544),
1050 1115 1098 1140 eo
1120 1101 1273 1140 certius
1294 1101 1490 1142 inveniat.
1542 1104 1638 1142 Hoc

123 1156 252 1211 igitur
272 1157 517 1210 primarium
538 1156 693 1196 crimen
715 1161 791 1204 est,
816 1157 926 1210 quod
948 1161 1092 1196 orator
1117 1157 1393 1210 persequitur,
1417 1158 1494 1197 hoc
1517 1173 1639 1212 argu-

122 1213 276 1253 mentis
298 1213 477 1253 testibus
508 1213 667 1267 legibus
690 1213 924 1261 confirmat,
947 1213 1024 1252 1100
1052 1213 1213 1266 judices
1241 1213 1381 1253 ulcisci
1408 1214 1542 1267 jubet,
1565 1215 1639 1254 im-

123 1269 296 1323 pietatis
332 1274 475 1309 autem
510 1269 673 1308 cumulo
715 1284 762 1308 eo
802 1273 969 1308 tantum
1006 1269 1179 1308 consilio
1214 1269 1360 1317 utitur,
1396 1284 1477 1322 quo
1512 1270 1639 1311 etiam

123 1329 323 1376 προβολῆς
353 1325 554 1365 beneficio
582 1339 708 1378 quam
739 1326 871 1379 γραφῇ
905 1324 967 1365 uti
999 1325 1159 1373 maluit,
1194 1330 1240 1365 ut
1267 1326 1379 1365 velut
1410 1326 1639 1366 subsidium

124 1381 270 1421 ultioni
292 1396 390 1421 suae
418 1396 586 1434 remque
617 1381 825 1434 publicam
847 1386 889 1421 et
910 1381 1021 1435 ipsos
1043 1381 1142 1421 deos
1163 1381 1413 1422 auxiliantes
1435 1382 1636 1429 haberet;

123 1438 173 1476 cf.
196 1452 235 1490 p.
257 1450 354 1491 525.
388 1440 421 1477 εἰ
450 1440 490 1477 δὲ
520 1437 693 1508 χορηγὸν
715 1438 810 1476 ὄντα
837 1436 1037 1508 ὑμετερου
1048 1439 1265 1488 ἱερομηιίας
1290 1439 1408 1487 οὔσης
1434 1437 1545 1477 rav&
1564 1440 1641 1478 ὅσα

123 1494 301 1543 ἠδίκηκεν
321 1495 488 1545 ὑβρίσας
509 1494 703 1545 φαίνεται
727 1495 913 1556 δημοσίας
942 1494 1059 1544 ὀργης
1088 1495 1150 1532 καὶ
1175 1495 1354 1544 τιμωρίας
1383 1495 1525 1535 δίκαιός
1557 1496 1641 1534 ἐστι

123 1549 351 1601 τυγχάνειυ;
386 1549 497 1602 quod
528 1549 561 1588 si
599 1549 640 1588 111
673 1549 871 1589 concione
903 1563 952 1588 ea
985 1548 1166 1588 maxime
1198 1549 1388 1602 quaestio
1420 1551 1640 1603 agebatul,

124 1609 194 1644 uti
197 1619 265 1644 um
287 1605 505 1659 religiones
531 1620 585 1645 an
614 1605 746 1645 solum
770 1605 1100 1645 Demosthenem
1124 1605 1282 1645 Midias
1303 1605 1491 1646 laesisset
1505 1615 1535 1653 g,
1560 1620 1642 1660 quo

123 1660 429 1708 decerneretur,
459 1666 600 1701 utrum
628 1661 768 1715 populi
799 1661 1006 1715 suffragiis
1037 1662 1170 1701 fretus
1201 1676 1253 1701 an
1284 1662 1446 1716 privato
1476 1662 1642 1702 nomine

124 1716 166 1756 111
182 1717 385 1770 judicium
407 1718 689 1766 descenderet,
712 1718 895 1771 probata
916 1719 1097 1768 προβολῇ
1119 1718 1230 1771 apud
1254 1718 1417 1770 judices
1444 1732 1526 1757 non
1548 1732 1644 1757 eon-

124 1773 296 1813 tumelia
337 1773 468 1827 magis
509 1773 737 1827 impietatis
778 1788 903 1826 quam
943 1774 1046 1813 haee
1087 1773 1364 1814 contumeliae
1404 1774 1642 1814 accessione

123 1828 441 1883 ingravescebat
455 1829 486 1877 ³¹,
508 1844 642 1884 neque
672 1830 750 1869 hoc
774 1829 1049 1869 Demostheni
1081 1829 1344 1883 propositum
1375 1834 1451 1877 est,
1474 1834 1522 1869 ut
1550 1834 1642 1870 tan-

124 1900 250 1938 quam
280 1886 496 1926 rhetorum
528 1886 751 1939 discipulus
781 1886 953 1925 crimina
986 1886 1088 1925 rasis
1117 1886 1229 1926 libret
1258 1886 1302 1925 in
1334 1886 1545 1933 antithetis,
1568 1887 1641 1925 sed

123 1946 171 1982 ut
199 1941 319 1989 cives,
346 1957 432 1982 rem
461 1942 684 1996 publicam,
712 1943 811 1982 deos
842 1941 1111 1989 immortales,
1141 1942 1279 1981 omnia
1312 1942 1472 1995 pariter
1502 1956 1640 1981 secum

122 1997 235 2037 laesa
255 1997 581 2038 demonstrando
612 1999 768 2037 nullum
796 1998 1036 2038 adversario
1058 1998 1228 2046 exitum,
1252 1998 1408 2038 nullum
1434 1998 1639 2052 refugium

123 2053 344 2107 relinquat.
386 2055 431 2094 O.
459 2054 509 2094 F.
536 2054 855 2094 HERMANN.
878 2054 903 2093 l.
926 2068 960 2093 c.
985 2068 1024 2107 p.
1047 2055 1170 2093 6—-8,

165 2179 180 2197 θ
205 2175 333 2205 Erravit
356 2175 415 2204 hoc
439 2175 567 2204 nomine
591 2174 655 2213 ipse
672 2174 768 2213 hujus
785 2175 847 2203 dis-

122 2217 296 2256 putationis
337 2218 469 2256 scriptor
508 2217 625 2247 Lehrh.
660 2218 689 2246 d.
728 2217 845 2256 griech.

123 2259 353 2290 Staatsalterth.
373 2263 398 2296 ξ.
419 2267 485 2297 135,
503 2266 567 2289 not.
590 2268 616 2297 7.

165 2300 178 2324 f
197 2303 247 2332 Sic
263 2313 292 2341 p.
309 2311 384 2340 527:
409 2301 493 2331 ἀλλὰ
508 2301 569 2338 μὴν
582 2300 713 2337 ὁπηνίκα
729 2301 779 2331 καὶ
794 2313 848 2331 πε-

122 2345 255 2380 ποιηκὼς
272 2344 290 2374 ἃ
307 2346 469 2383 κατηγορῶ
493 2345 542 2374 καὶ
568 2344 653 2382 ὕβρει
674 2345 846 2379 πεποιηκὼς

123 2386 277 2425 φαίνεται,
302 2387 360 2416 hoc
384 2394 430 2416 est
460 2385 727 2423 βεβουλευμέινως,
752 2388 791 2416 cf.
816 2398 845 2426 p.

124 2439 197 2468 527.
215 2430 300 2467 538,
325 2430 399 2458 item
424 2431 494 2458 adv.
513 2432 635 2459 Conon.
653 2440 682 2468 p.
700 2438 799 2469 ¹²59·›
816 2436 847 2459 et

127 2472 220 2501 Isocr.
238 2473 308 2501 adV.
329 2472 451 2501 Lochit.
470 2475 494 2509 ξ.
514 2472 542 2507 (1,
562 2473 646 2501 unde
662 2479 744 2502 recte
764 2472 848 2501 Plat-

124 2524 219 2544 nerus
236 2525 264 2553 p.
284 2523 341 2551 ¹04
357 2514 444 2551 ὕβριν
465 2514 661 2553 potissimum
685 2514 716 2542 in
741 2514 848 2544 animo

123 2557 297 2594 injuriandi
316 2557 429 2595 posuit.
444 2557 536 2586 modo
548 2567 588 2585 ne
602 2556 846 2586 Demosthenem

123 2599 228 2638 ipsum
245 2598 301 2628 sibi
319 2600 531 2628 contradicere
550 2599 782 2637 criminaretur,
795 2599 847 2638 qui

124 2652 223 2680 quum
240 2653 269 2681 p.
289 2650 327 2680 52
339 2653 362 2671 J.
381 2642 420 2670 ab
440 2643 591 2671 iracundo
609 2641 697 2680 ὕβριν
713 2641 848 2671 alienam

120 2685 251 2722 judicet,
276 2691 381 2714 tamen
410 2695 438 2722 p.
465 2693 536 2722 5²7·
561 2685 644 2722 quod
667 2684 736 2722 quis
764 2683 848 2722 ἄφνω

124 2727 180 2755 ’τὸν
199 2727 355 2763 λογισμὸν
376 2725 497 2764 φθάσας
521 2727 636 2765 ἐξαχθῇ
659 2726 777 2764 πρᾶξαι,
795 2727 846 2755 iti-

124 2769 195 2798 dem
216 2769 401 2807 ὑβριστικῶς
426 2770 491 2798 fieri
513 2771 683 2803 concedat;
708 2769 846 2806 ὑβριστι-

125 2812 183 2841 κῶς
199 2811 283 2841 8111111
299 2818 462 2841 externam
484 2812 620 2850 injuriae
636 2811 767 2850 speciem
785 2811 846 2849 sig-

124 2853 243 2889 nificat,
260 2863 354 2891 quam
371 2854 468 2892 ipsam
485 2861 590 2883 orator
606 2860 710 2893 negat,
727 2853 751 2882 si
775 2864 847 2882 reus

125 2896 162 2924 δι’
173 2894 269 2933 ὀργὴν
280 2894 478 2931 πεποιηκέναι
494 2904 666 2933 caussetur,
677 2906 784 2925 veram
798 2895 845 2924 111-

122 2947 240 2974 juriam
258 2944 428 2968 continere.

958 2181 977 2204 g
1003 2174 1081 2204 Mid.
1098 2185 1127 2214 p.
1148 2175 1208 2212 583
1226 2187 1233 2204 ε
1257 2174 1306 2205 καὶ
1327 2175 1388 2214 γὰρ
1404 2174 1501 2212 εἰμὲν
1516 2175 1581 2206 τόθ’
1595 2176 1640 2206 ὅτ’

914 2214 952 2251 ἦν
979 2216 999 2252 ἡ
1026 2217 1181 2255 προβολὴ,
1208 2217 1249 2246 τὰ
1275 2218 1476 2256 πεπραγμένα
1503 2220 1518 2248 ὃ
1546 2220 1640 2256 δῆμος

914 2258 1049 2289 ἀκούσας
1073 2259 1338 2299 ἀπεχειροτόνησε
1364 2260 1499 2295 Μειδίου,
1523 2262 1578 2291 οὐκ
1601 2260 1641 2292 ἂν

916 2301 1024 2338 ὁμοίως
1040 2300 1078 2337 ’ἦν
1095 2302 1205 2331 δεινόν·
1230 2302 1279 2332 καὶ
1302 2302 1362 2341 ’γὰρ
1378 2302 1419 2339 μὴ
1435 2305 1638 2341 γεγενῆσθαι,

915 2345 965 2373 καὶ
988 2344 1030 2381 μὴ
1054 2344 1121 2383 περὶ
1145 2344 1204 2380 τὴν
1223 2344 1333 2384 ἑορτὴν
1356 2344 1530 2382 ἀδικήματα
1552 2347 1640 2376 ταῦτ’

916 2386 1001 2423 εἶναι,
1019 2387 1067 2416 καὶ
1091 2387 1197 2416 πολλὰ
1221 2385 1258 2416 ἂν
1275 2386 1344 2426 εἶχέ
1364 2400 1411 2418 τις
1434 2389 1528 2418 αὑτὸν
1543 2401 1639 2427 παρα-

913 2428 1120 2466 μυθήσασθαι.
1169 2430 1262 2459 Τ11110
1278 2430 1377 2468 igitur
1395 2437 1426 2460 et
1448 2431 1520 2460 facti
1538 2438 1568 2461 et
1585 2442 1641 2460 no-

915 2472 1008 2501 minis
1025 2473 1236 2502 controversia
1253 2479 1339 2509 erat3
1365 2483 1451 2502 nunc
1473 2474 1496 2502 si
1518 2474 1640 2512 judices

916 2514 1050 2543 Midiam
1067 2515 1240 2551 absolvant,
1259 2515 1339 2543 nihil
1360 2515 1561 2554 relinquitur,
1578 2516 1638 2545 nisi

916 2564 952 2586 ut
975 2556 1042 2586 leve
1061 2557 1183 2586 facinus
1199 2558 1394 2596 dignumque
1410 2559 1462 2596 qui
1487 2558 1638 2596 injuriam

916 2599 1055 2638 patiatur
1072 2599 1318 2629 Demosthenem
1334 2600 1525 2629 existiment.

958 2640 977 2662 h
1002 2641 1082 2670 Mid.
1101 2652 1130 2680 p.
1148 2648 1230 2679 572:
1255 2639 1297 2671 εἷς
1320 2640 1377 2678 μὲν
1395 2640 1484 2671 οὗτος
1509 2643 1539 2679 ἐξ
1563 2641 1638 2672 ἰδίου

915 2682 1108 2721 πράγματος,
1134 2684 1273 2720 οὐδεμιᾶς
1305 2684 1419 2723 ὕβρεως
1449 2683 1636 2723 προσούσης,

918 2724 991 2763 ὑπὲρ
1013 2726 1107 2755 αὐτοῦ
1130 2727 1185 2755 τοῦ
1208 2727 1381 2765 παραβῆναι
1404 2727 1460 2756 τὸν
1476 2726 1569 2763 νόμον
1584 2740 1637 2757 το-

916 2767 1035 2803 σαύτην
1049 2767 1140 2797 ἔδωκε
1157 2767 1260 2804 δίκηνε
1282 2768 1378 2806 hujus
1394 2769 1492 2808 igitur
1507 2770 1638 2808 crimen,

916 2810 1059 2849 quamvis
1075 2817 1106 2840 et
1123 2811 1187 2848 ipse
1203 2810 1270 2850 περὶ
1286 2809 1344 2846 τὴν
1358 2810 1467 2850 ἑορτὴν
1483 2810 1638 2850 ἠσέβησε,

915 2853 1014 2882 levius
1038 2858 1144 2882 tamen
1161 2863 1255 2892 quam
1275 2853 1395 2883 Midiae
1411 2854 1545 2891 videtur,
1564 2854 1638 2893 quia

916 2895 1001 2933 ὕβρις
1016 2896 1112 2924 abest.
