1997 3256
751 169 811 208 IN
846 169 1095 208 MIDIAM.
1593 171 1672 211 771

166 279 210 315 et
230 274 284 315 ad
306 273 567 314 clementiam
593 274 811 321 adducere,
835 272 1065 325 cujusmodi
1095 276 1269 312 exorata
1298 272 1558 326 placabilitas
1581 276 1679 314 αἴδε-

166 348 228 372 σις
258 329 524 370 vocabatur.”
560 329 768 369 Budaeus.
811 328 1060 369 SEAGER.
1093 328 1216 367 De'ar.
1244 328 1404 368 Classic.
1428 330 1496 383 56.
1519 344 1557 383 p.
1583 342 1676 383 259.

167 386 220 425 V.
243 386 297 426 ad
319 401 358 439 p.
385 387 479 438 983,
505 387 563 425 18.

220 444 317 495 528,
342 443 379 481 8.
401 442 589 494 ἠξίωσαν]
623 440 790 490 ἠξίωσεν
814 440 974 479 Anecd.
999 440 1130 479 Bokk.
1174 440 1423 479 SCHAEF.

221 498 316 551 528,
341 510 399 536 11.
431 501 472 536 τί
498 499 572 548 γὰρ
601 496 748 550 δήποτ’]
784 498 823 536 τί
850 499 924 547 γὰρ
951 496 1115 544 δήποτ-ες
1152 496 1416 535 Buttmaim.:
1451 497 1678 549 eodemque

163 553 287 592 modo
310 568 344 592 v.
367 566 427 606 ¹3·
454 554 516 592 καὶ
543 553 675 598 πάλιν,
699 554 737 592 τί
763 552 928 602 δήποτε;
966 556 1012 591 ut
1044 551 1122 590 hae
1151 551 1353 590 formulae
1384 551 1677 605 interrogatio-

164 623 259 648 nem
289 608 401 648 solae
428 623 503 661 per
526 623 571 647 se
595 608 764 656 faciant,
788 608 860 647 sed
883 622 989 661 quac
1010 621 1079 646 cas
1103 611 1334 659 sequuntur
1353 607 1675 654 enuntiationes,

164 666 213 704 ἄν
241 667 406 717 τις--τῷ
433 666 603 717 δημοσίῳ
632 669 674 704 et
707 664 754 704 ἂν
778 665 959 716 μὲν-τῷ
988 663 1126 716 ἰδιώτῃ,
1150 677 1231 701 11011
1262 662 1347 701 sint
1379 662 1678 716 interrogative

165 719 472 774 intelligendae.
507 726 530 741 ‘²
547 720 640 758 Non
660 720 769 759 enim
793 719 958 758 differt”
982 718 1117 772 inquit
1141 724 1163 739 “
1179 718 1256 757 1100
1280 720 1317 757 τί
1334 718 1387 757 ab
1409 732 1457 757 eo
1480 719 1590 771 quod
1612 724 1677 759 est

165 775 207 814 in
234 775 408 829 simplici
431 775 609 815 formula
631 777 670 814 τί
696 776 789 826 γάρς
825 789 930 827 quac
962 780 1049 813 tam
1080 775 1321 826 frequenter
1350 774 1528 814 sermoni
1562 789 1679 827 prae-

164 831 362 871 mittitur.
427 832 482 870 Et
506 831 572 871 1110
591 831 757 884 quidem
780 844 923 869 sensus
946 830 1006 869 ita
1025 829 1181 882 expleri
1207 834 1369 882 potest:
1402 831 1515 869 r'Vams
1535 832 1570 869 εἰ
1591 831 1679 883 quis

163 887 257 927 llaec
278 895 394 941 ‘ne-(set,
416 887 516 940 quid
539 887 697 926 tandem
718 887 764 926 (le
784 886 858 926 illa
879 886 954 938 leffe
973 891 1123 924 stcauat
1137 887 1156 924 ?
1203 885 1320 938 [psas
1346 891 1487 925 autem
1514 893 1679 926 senten-

164 943 248 983 tias
277 957 356 982 11011
385 943 563 996 pendere
586 943 638 982 ab
662 943 728 981 illo
750 943 788 982 τί
810 943 963 990 δήποτε,
985 941 1221 993 subjectum
1253 955 1349 980 mox
1375 944 1436 980 διὰ
1458 947 1492 980 τι
1514 956 1679 995 quoqu}

164 999 469 1039 demonstrat.’'
532 998 639 1038 Mihi
662 997 843 1052 vulgaris
870 997 1151 1050 interpunctio
1174 997 1339 1037 videtur
1359 998 1576 1050 aliquanto
1597 1012 1679 1037 me-

163 1055 252 1094 lior.
298 1055 485 1094 Primum
502 1054 611 1094 enim
633 1069 706 1094 nec
729 1056 768 1093 τί
785 1055 925 1102 δήποτε
948 1068 1021 1092 nec
1043 1054 1081 1092 τί
1099 1055 1172 1104 γὰρ
1190 1055 1329 1102 δήποτε
1352 1053 1519 1092 memini
1542 1054 1678 1105 legere

164 1111 349 1163 reliquae
390 1110 571 1150 orationi
612 1110 670 1150 sic
712 1109 952 1162 praemissa.¹
990 1114 1037 1148 ut
1077 1109 1165 1148 sola
1204 1123 1278 1162 per
1319 1124 1361 1148 se
1402 1106 1678 1163 interrogent.

166 1166 329 1206 Deinde
361 1169 422 1206 διὰ
443 1169 481 1206 τί
505 1181 542 1206 v.
573 1179 636 1207 20.
669 1181 751 1205 11011
783 1174 1005 1218 propterte
1037 1165 1269 1217 subjectum
1303 1170 1417 1218 puto,
1447 1165 1556 1218 quod
1589 1180 1679 1204 sen-

164 1223 322 1263 tentiae
348 1238 429 1262 11011
458 1222 667 1276 pendeant
690 1223 743 1261 ab
766 1222 833 1261 illo
855 1223 894 1260 τί
912 1221 1066 1269 δήποτε,
1089 1221 1163 1260 sed
1185 1221 1339 1274 partim
1361 1236 1441 1274 quo
1462 1222 1596 1274 major
1618 1222 1678 1261 vis

163 1285 273 1319 esset
310 1278 667 1332 interrogationiS,
700 1278 853 1331 partim
882 1277 992 1331 quia»,
1022 1277 1233 1316 schemate
1267 1277 1566 1330 interrogativo
1603 1292 1677 1330 per

164 1334 393 1388 longiorem
413 1335 618 1374 ambitum
643 1333 883 1388 posterioris
901 1333 1135 1372 sententiae
1155 1334 1236 1384 (καὶ
1258 1334 1487 1386 πάλιν-τῷ
1506 1334 1674 1384 ἰδιώτῃς)

165 1391 351 1430 nonnihil
373 1392 611 1435 obscurato,
632 1391 760 1430 talem
783 1389 930 1442 subjici
951 1389 1169 1428 formulam
1191 1388 1449 1428 audientium
1474 1388 1676 1429 interesse

165 1447 387 1487 videretur.
430 1446 676 1487 SOHAEF.

222 1505 317 1555 528.
342 1516 401 1542 12.
425 1502 809 1555 οὐκέτ’-ἐποίησεν]
852 1502 938 1541 Lex
967 1515 1045 1540 non
1074 1501 1250 1554 amplius
1280 1500 1349 1550 τὴν
1381 1501 1541 1550 ἐξούλης
1572 1501 1679 1550 δίκην

155 1559 320 1612 patitur
339 1573 412 1598 esse
424 1559 646 1612 privatam,
669 1558 737 1597 sal
754 1557 874 1597 sinml
884 1556 1091 1611 publicam
1105 1557 1227 1610 fizce't,
1249 1562 1439 1609 quatenus
1459 1560 1678 1607 προστιμᾶν

164 1614 354 1654 ἐπιτάττει
375 1615 426 1668 τῷ
448 1616 630 1668 δημοσίῳ.
693 1614 887 1654 Ceterum
909 1614 961 1653 de
982 1613 1021 1653 h.
1045 1613 1070 1652 l.
1090 1613 1171 1652 vid.
1195 1611 1429 1652 Boeckhius
1451 1611 1502 1651 de
1522 1612 1676 1652 Oecon.

166 1670 324 1710 Athen.
342 1670 418 1710 vol.
442 1683 475 1710 1.
498 1685 537 1724 p.
558 1684 656 1722 404.
699 1669 950 1710 SCHAEF.

222 1727 292 1775 τὴν
313 1725 493 1779 ἐξούλης]
530 1727 711 1766 Subaud.
737 1727 856 1774 δίκην.
891 1725 1223 1766 SCHAEFER.
1287 1724 1485 1763 Praestat
1511 1725 1677 1773 ἐξούλην

166 1782 277 1835 quod
299 1787 363 1821 est
389 1782 429 1821 in
458 1783 499 1821 S.
527 1782 699 1836 aliisque
732 1781 967 1821 codicibus:
1005 1796 1086 1835 quo
1117 1785 1243 1834 paeto
1274 1779 1436 1819 tollitur
1466 1778 1678 1819 dubitatio

166 1838 483 1878 Hudtwalckeri
515 1838 555 1877 in
584 1838 690 1878 libro
721 1838 771 1877 de
803 1837 997 1877 diaetetis
1022 1853 1061 1891 p.
1089 1848 1175 1889 147.
1221 1836 1273 1874 V.
1294 1835 1350 1872 W
1355 1840 1607 1875 esterniann.
1636 1834 1678 1873 in

164 1894 356 1934 Zez'tscler.
371 1896 412 1947 f.
434 1895 473 1933 cl.
495 1894 790 1934 Altertlzumsw.
813 1895 930 1947 1845.
953 1909 993 1946 p.
1018 1894 1111 1933 681.

221 1952 318 2002 528,
338 1963 400 2002 13.
423 1953 473 2003 τῷ
497 1950 683 2003 δημοσίῳ]
717 1950 902 1989 Aeraria.

220 2006 317 2059 528,
341 2008 400 2045 18.
420 2006 462 2045 τὸ
484 2008 728 2045 ἴσον-ὅσον
745 2006 834 2056 περ]
862 2005 1020 2044 Eadem
1038 2004 1202 2044 obtinet
1224 2002 1678 2056 constructio,quando

165 2064 249 2103 ἴσος
270 2061 424 2101 dicitur
445 2062 495 2100 de
518 2062 734 2114 qualitate.
797 2060 1045 2113 Exemplum
1077 2061 1206 2100 habet
1233 2058 1410 2113 Eryxias
1435 2057 1677 2097 Platonicus

165 2132 203 2157 (3.
229 2130 292 2169 29.
323 2119 551 2167 καταμαθὼν
573 2117 604 2156 δ’
623 2118 741 2156 αὐτὸν
763 2118 839 2168 ἐγὼ
865 2118 923 2155 ὅτι
951 2118 1057 2155 ’ίο-ον
1079 2118 1134 2166 εἴη
1157 2120 1303 2163 πεῖσαι,
1326 2116 1436 2165 ὅπερ
1460 2114 1519 2159 ἂν,
1544 2114 1586 2152 τὸ
1612 2115 1678 2153 λέ-

165 2175 347 2224 ·γόμενον,
371 2175 484 2212 λίθον
507 2175 656 2225 ἑψῆσαι
670 2198 736 2212 -.
781 2171 1030 2212 SCHAEF.

221 2232 317 2281 528,
345 2241 407 2278 27.
440 2230 537 2267 ὅλον
559 2228 764 2282 δημόσιον]
800 2227 1040 2281 Scrupulus.
1068 2242 1191 2281 quem
1224 2226 1265 2265 in
1298 2226 1376 2265 hoc
1409 2225 1500 2264 loco
1534 2224 1676 2273 sentit,

164 2285 239 2324 sed
266 2299 348 2324 non
379 2289 493 2324 recte
521 2284 676 2329 eximit,
702 2284 922 2337 Ulpianus,
946 2288 1009 2323 est
1040 2283 1081 2321 in
1111 2298 1171 2329 eo,
1196 2282 1305 2335 quod
1336 2281 1401 2320 1110
1432 2281 1493 2320 ait
1526 2280 1677 2319 Demo-

164 2341 334 2380 sthenes
359 2340 448 2393 lege
469 2340 593 2379 fuisse
615 2341 657 2379 τὸ
679 2343 744 2389 τῆς
764 2342 914 2389 ὕβρεως
934 2342 1076 2388 τίμημα
1097 2341 1194 2378 ὅλον
1216 2339 1412 2387 δημόσιον,
1437 2350 1530 2374 cum
1551 2350 1678 2388 supra

165 2411 204 2449 p.
227 2408 323 2449 523.
346 2395 509 2437 dixerit.
541 2410 584 2434 Se
612 2396 682 2444 τὴν
703 2400 778 2434 τῶν
800 2396 904 2434 ἰδίων
926 2398 1040 2434 δικῶν
1061 2395 1294 2442 πλεονεξίαι)
1316 2394 1475 2442 ἀφεῖναι
1504 2392 1565 2430 καὶ
1593 2395 1679 2431 τοῦ·

165 2469 234 2490 τον
262 2451 424 2490 ἑλέσθαι
459 2452 528 2490 τὸν
555 2453 700 2501 ἀγῶνα,
739 2452 808 2501 ἀφ’
831 2451 874 2489 οὗ
909 2450 1028 2499 μηδέν
1056 2451 1140 2488 ἐστι
1175 2452 1330 2498 λαβεῖν.
1398 2446 1677 2499 Aptissimum

165 2507 342 2555 videtur,
365 2507 533 2546 trahere
564 2506 643 2545 illio
665 2509 733 2546 τὰς
763 2508 857 2547 ἰδίας
878 2507 996 2550 δίκας,
1022 2505 1086 2555 ἀφ’
1106 2506 1158 2544 ὧν
1182 2506 1265 2543 ἐστι
1291 2505 1423 2551 λῆμμα
1443 2506 1598 2551 λαβεῖν,
1621 2501 1676 2541 ad

165 2563 296 2602 solam
326 2562 517 2601 actionem
545 2562 695 2609 damni,
719 2561 828 2614 quod
857 2575 1078 2614 perpessus
1105 2564 1197 2599 erat
1220 2557 1524 2598 Demosthenes
1556 2556 1597 2596 in
1628 2556 1678 2596 iis

165 2619 301 2665 rebus,
321 2632 422 2671 quas
448 2617 615 2665 Midias,
638 2618 749 2670 apud
772 2617 1041 2655 Pammenem
1064 2615 1266 2661 inventas,
1289 2614 1582 2665 absumpserat
1602 2626 1678 2665 per

166 2674 373 2727 injuriam,
396 2687 478 2712 non
509 2678 650 2713 autem
677 2672 729 2712 ad
759 2673 864 2721 δίκην
884 2674 1045 2722 ὕβρεως,
1070 2671 1178 2710 unde
1208 2671 1366 2709 lucrum
1398 2668 1553 2707 nullum
1584 2682 1676 2721 per-

164 2729 357 2769 veniebat
378 2729 431 2769 ad
453 2734 652 2769 actorem.
696 2728 779 2767 Sl).

222 2797 317 2837 529,
337 2797 370 2823 2.
396 2784 456 2834 ἐφ’
475 2785 594 2837 ἑαυτῷ
611 2781 854 2835 λαμβάνειν]
878 2782 1085 2834 Iozjzcriam
1102 2780 1262 2820 vendere
1275 2779 1462 2833 pecunia,
1480 2778 1676 2825 wolfius,

166 2841 283 2893 cujus
311 2840 700 2892 interpretationem
733 2838 923 2890 sequitur
945 2837 1137 2876 Reiskius
1161 2836 1251 2874 Ind.
1274 2834 1504 2874 Graecitat.
1567 2833 1676 2872 Mihi

165 2895 299 2950 magis
326 2895 464 2949 placet
492 2896 553 2934 ἐπὶ
582 2895 659 2933 1100
691 2908 813 2933 sensu
845 2907 1017 2936 sumere,
1044 2898 1091 2931 ut
1112 2891 1248 2930 valeat
1270 2903 1401 2943 penae,
1425 2889 1467 2928 in
1490 2894 1679 2941 potestate

166 2950 365 3003 alicujus:
398 2951 448 2990 de
477 2964 557 3003 qua
590 2950 712 3002 hujus
743 2948 1065 3002 praepositionis
1099 2945 1402 3000 significatione
1423 2959 1458 2983 v.
1482 2943 1679 2983 Reiskius

887 3019 911 3042 N
935 3006 960 3041 2
