1997 3256
456 159 516 199 IN
549 160 906 200 ORATIONEM
944 160 1314 200 LEPTINEAM.
1560 157 1637 197 681

186 258 278 299 Non
306 266 448 300 autem
477 259 510 298 is
538 260 669 298 solum
698 259 903 309 παράιομα
925 259 1388 312 1·‹›2-1s·<0110ueb1tu1
1413 256 1481 310 qui
1512 257 1558 295 le
1549 271 1643 310 reni

126 315 205 369 legi
234 315 362 356 veteri
390 315 564 355 necdum
594 316 784 355 sublatae
811 309 1114 368 lepucrnantcm
1143 315 1311 361 tulerat
1338 313 1409 352 sed
1438 312 1565 352 etiam
1595 312 1642 361 is,

127 371 198 423 qui
225 371 321 410 v'el
311 385 352 410 111
378 378 498 424 parte
527 377 599 411 aut
629 371 764 424 capite
793 386 871 409 nov
873 386 922 410 :w
949 371 984 409 le
971 386 1013 403 ‹—
1017 371 1050 409 is
1072 371 1296 422 quidquam
1323 383 1487 422 posuen
1476 373 1522 408 ιιι
1548 383 1643 407 con·
1660 369 1740 408 188

126 432 196 466 tra
227 442 288 472 ea
315 441 421 479 quae
448 432 628 467 xetelcm
660 427 853 467 auctorit·
846 432 958 466 atem
987 404 1234 466 'l1abe1·.e11t<1
1296 425 1381 464 Nee
1412 424 1548 463 minus
1577 439 1643 464 cu-

127 482 235 521 riose
262 482 484 522 videndum
515 497 559 521 e1
561 488 607 523 ιιι
638 497 722 528 100·
715 483 836 526 1tor1
866 497 917 521 ne
951 482 1049 535 quid
1081 481 1240 534 proprii
1273 481 1335 519 sui
1366 494 1644 533 paucorumve

125 538 330 577 commodi
352 553 497 578 caussa
525 526 711 591 ponent
735 553 785 578 ne
807 538 904 591 quid
930 552 1004 590 p‹r
1031 552 1074 576 se
1096 537 1311 587 injustum
1334 536 1508 589 reipubl.
1531 536 1643 575 inde-

126 608 282 640 eorum,
305 594 479 634 utilitati
509 595 596 647 ejus
623 595 814 641 alienum,
844 608 895 633 ue
924 593 1020 646 quid
1050 592 1218 631 omuino
1246 591 1468 631 accusandi
1498 606 1643 631 ansam

124 649 334 689 malevolis
370 650 409 688 h
400 650 646 694 1b1t1uun1
695 650 872 702 denique
908 664 959 688 ne
997 648 1096 701 quid
1132 653 1325 700 peccaret
1360 647 1402 686 in
1439 652 1640 699 tempore,

124 705 235 753 locis,
260 711 351 746 toto
373 706 516 745 ordine
541 682 704 759 agendi.
767 706 875 744 Nam
896 705 1110 744 habebant·
1131 704 1233 743 haec·
1263 703 1402 743 omnia
1428 703 1643 743 cautiones

124 775 220 801 suas
241 767 444 814 erantque
465 762 648 815 antiquis
669 761 829 814 legibus
854 760 1029 800 sancita.
1092 759 1177 798 Nec
1200 759 1361 811 injuria.
1422 759 1643 799 Certarum

123 817 233 856 enim
267 817 304 856 in
339 817 412 858 tali
444 833 489 857 re
524 817 794 857 formularum
831 831 929 855 usus
965 831 1013 855 eo
1045 816 1179 855 valere
1216 815 1334 863 solet,
1367 820 1415 855 ut
1445 815 1643 868 populum

124 873 323 913 tutiorem
359 888 383 913 ιι
419 873 636 913 fraudibus
668 879 711 913 et
747 872 905 911 insidiis
936 877 1154 925 praestent
1190 877 1233 911 et
1264 871 1548 911 temeritatem
1578 886 1643 911 ar-

123 934 258 969 ceant.
323 930 470 982 ltaque
503 929 568 968 hic
599 929 700 968 ordo
731 928 789 968 rei
824 927 1070 981 praefinitus
1101 932 1225 967 eratr.
1289 927 1332 967 Si
1365 927 1456 980 quis
1493 927 1643 967 civium

122 984 224 1038 legis
260 985 481 1025 formulam
515 985 626 1025 domi
665 989 924 1037 conceperat
960 984 1093 1037 primo
1127 984 1307 1023 debebat
1345 998 1437 1023 eam
1471 984 1513 1022 in
1546 984 1642 1024 albo

123 1041 322 1094 scriptam
364 1056 438 1094 per
477 1041 642 1094 aliquod
686 1046 851 1094 tempus
891 1040 1053 1094 publice
1095 1054 1337 1102 p1oponer,e
1380 1045 1520 1079 xetere
1559 1039 1639 1089 illa,

122 1112 246 1149 quun
280 1098 526 1151 :¹1b10gabat
561 1098 739 1150 adjecta
774 1102 819 1136 ut
852 1098 1044 1135 omnibus
1076 1111 1196 1148 cop1a
1230 1096 1350 1135 fielet
1386 1096 1550 1149 saepius
1587 1096 1641 1136 le-

120 1153 244 1206 gendi
286 1158 367 1192 utu
359 1168 518 1206 amque,
562 1152 824 1193 consultandi
878 1167 969 1192 cum
1011 1152 1157 1192 amicis
1193 1151 1501 1204 judicandique
1544 1157 1640 1192 ιιιιιι

120 1209 241 1248 alteri
270 1209 541 1263 praefexenda
570 1214 692 1249 esset.
758 1209 890 1248 Locus
915 1223 964 1262 pl
968 1208 1205 1261 0111ulo¹andi
1231 1213 1322 1248 erat
1349 1213 1449 1248 ante
1477 1213 1640 1248 statuas

124 1265 742 1318 Epc›1131·1101n1nS.Secundo
784 1265 884 1310 lenis
924 1265 1119 1304 imitatio
1160 1264 1284 1303 semd
1325 1264 1558 1317 iterumque
1599 1265 1639 1304 in
1656 1265 1738 1304 134

121 1322 295 1361 ecclesia
331 1322 461 1361 fiebat
497 1336 571 1375 per
606 1322 785 1361 sclibam
822 1321 1231 1374 publieu1nt.Quo
1272 1320 1396 1365 facto
1433 1335 1487 1360 an
1523 1320 1638 1373 plius

122 1377 347 1428 (incertum
376 1378 504 1426 enim)
538 1379 717 1417 Senatus
748 1377 939 1417 consulto
971 1382 1063 1416 erat
1095 1391 1209 1429 opus,
1243 1376 1275 1415 si
1309 1376 1400 1429 quis
1431 1376 1639 1416 actionem

122 1433 162 1472 in
199 1435 335 1473 forum
371 1434 573 1473 deducere
610 1434 731 1473 vellet
768 1438 809 1473 et
846 1433 1043 1486 populum
1084 1446 1246 1486 rogare.
1310 1432 1415 1472 Nam
1452 1432 1552 1471 nihil
1589 1447 1639 1472 ex

121 1490 330 1529 veteribus
360 1490 567 1530 institutis
598 1490 772 1542 reipubl.
804 1489 858 1528 ad
890 1489 1087 1542 populum
1117 1488 1215 1527 ferri
1248 1488 1288 1527 in
1319 1488 1493 1528 eeclesia
1524 1489 1640 1529 licuit

120 1547 452 1596 ἀπροβούλευτον,
487 1546 528 1585 id
564 1552 640 1593 est,
676 1546 727 1584 de
761 1560 841 1598 quo
875 1560 957 1583 non
990 1550 1116 1584 antea
1154 1545 1194 1584 S.
1220 1544 1263 1584 O.
1296 1545 1452 1584 factum
1487 1550 1637 1585 essetss.

119 1602 220 1641 -Jam
256 1606 427 1656 rogator
462 1603 594 1656 legem
636 1616 752 1641 suam
793 1601 981 1640 oratione
1018 1616 1094 1654 pro
1130 1606 1329 1654 suggestu
1365 1601 1513 1640 habita
1548 1616 1639 1642 sua-

119 1657 258 1702 debat,
292 1672 340 1698 ac
372 1658 405 1697 si
434 1673 516 1711 qua
546 1658 667 1697 simul
698 1662 863 1697 vetusta
895 1657 1070 1697 delenda
1101 1661 1221 1704 esset,
1249 1657 1355 1696 hanc
1385 1657 1563 1710 primum
1592 1663 1640 1698 ut

120 1713 266 1754 vitiose
288 1714 416 1754 latam
441 1720 515 1754 aut
544 1714 756 1767 ceteroqui
778 1713 930 1753 malam
955 1713 1097 1766 reique
1119 1712 1309 1766 publicae
1334 1713 1639 1754 inconnnodam
1655 1716 1735 1755 135

119 1771 381 1810 monstrabat
403 1770 526 1823 abjici
550 1771 712 1818 debere,
736 1785 833 1809 mox
859 1784 1007 1809 novam
1033 1774 1181 1809 eontra
1203 1770 1400 1822 ponebat⁷
1423 1770 1534 1809 omni
1561 1784 1639 1823 ope

119 1827 423 1879 praestantiam
455 1827 543 1880 ejus
577 1827 723 1866 docere
755 1826 962 1866 amnisusv.
1024 1826 1133 1865 Dein
1167 1825 1408 1878 suffragium
1439 1825 1636 1875 inibatur,

117 1885 350 1934 χειροτονία.
414 1884 475 1922 Αι
496 1898 592 1922 vero
620 1883 720 1922 haec
750 1882 868 1929 ratio,
892 1882 933 1921 in
961 1881 1257 1935 pscphismatis
1280 1881 1480 1921 faciendis
1507 1882 1637 1922 solen-

118 1938 194 1984 nis„
216 1939 338 1992 plane
365 1939 602 1979 exoleverat
627 1944 816 1992 tempore
844 1943 1057 1978 oratorum
1087 1938 1128 1977 in
1150 1938 1321 1991 legibus.
1385 1938 1453 1976 Ad
1477 1938 1638 1991 judices

118 2000 207 2033 tum
234 2000 383 2035 vocata
415 2010 480 2035 res
507 2000 582 2043 est,
611 1995 695 2034 sive
722 1994 813 2048 quis
840 2000 1023 2034 veterem
1054 1994 1186 2047 legem
1213 2008 1283 2033 seu
1316 1994 1490 2033 latorem
1518 2008 1637 2034 accu-

117 2051 251 2099 sabat,
276 2051 358 2091 sive
381 2066 486 2092 nova
508 2056 600 2092 erat
616 2051 801 2104 jubenda
811 2060 840 2089 Χ.
904 2051 1047 2104 Neque
1070 2049 1178 2089 enim
1201 2064 1282 2089 uno
1300 2049 1457 2103 judicio
1480 2054 1637 2090 utrum--

910 2187 1018 2217 citatio
1049 2192 1123 2216 ante
1155 2186 1440 2225 promulgationem
1471 2187 1553 2216 facta
1583 2187 1631 2216 sit.

910 2229 1040 2268 Scripsit
1068 2229 1153 2259 enim
1184 2229 1242 2259 hoc
1268 2230 1381 2258 modo:
1419 2229 1478 2257 Δεΐ
1501 2240 1634 2268 προανα-

908 2273 1085 2310 ’γνωσθῆναι
1105 2273 1149 2309 τῷ
1169 2270 1264 2308 δήμῳ,
1283 2271 1415 2301 ἔπειτα
1437 2272 1635 2310 προτεθῆναι,

160 2192 177 2215 q
197 2187 265 2217 Hoc
281 2188 313 2216 in
332 2194 456 2226 promtu
473 2194 520 2217 est
537 2197 575 2217 ex
591 2187 682 2217 Orat.
701 2198 730 2226 p.
744 2187 817 2222 486.

161 2235 174 2251 Γ
192 2230 266 2258 Vid.
283 2240 312 2268 p.
328 2231 388 2268 485
407 2240 468 2268 seq.
486 2237 517 2260 et
533 2230 573 2259 ibi
592 2231 706 2268 passim
723 2230 824 2259 Schol.

161 2277 175 2293 S
190 2272 355 2302 Vocantur
371 2272 412 2302 sic
427 2272 607 2312 simpliciter
623 2273 742 2309 heroes⁷
757 2274 841 2302 unde

118 2316 222 2344 decem
236 2315 348 2344 -tribus
372 2325 388 2344 a
415 2314 576 2345 Clisthene
600 2315 763 2345 institutae
784 2325 839 2343 no-

119 2357 206 2386 mina
237 2363 433 2396 acceperunt,
460 2358 574 2396 quibus
601 2363 724 2387 statuae
751 2363 843 2387 erant

118 2400 236 2437 positae
260 2410 355 2438 prope
383 2400 502 2429 curiam
528 2400 786 2439 Quingentorum
811 2405 842 2429 et

117 2441 252 2478 tholum,
275 2442 307 2470 in
333 2442 494 2471 Ceramico
516 2443 634 2471 urbico.
682 2442 744 2471 Eos
765 2452 843 2472 enu-

117 2491 219 2514 merat
250 2484 387 2514 Pausan.
410 2493 435 2520 1,
458 2494 488 2522 5.
532 2484 623 2513 Conf.
650 2484 777 2522 Ulpian.
804 2484 842 2513 ad

119 2526 291 2556 Timocrat.
317 2536 347 2565 p.
373 2527 435 2564 809
455 2526 497 2555 A.
522 2532 553 2556 et
579 2527 617 2555 ad
646 2533 787 2556 nostram
812 2536 841 2564 p.

117 2570 191 2607 485.
208 2575 244 2599 et
259 2568 425 2607 scriptores
441 2579 490 2607 ap.
510 2569 631 2598 Meurs.
650 2569 720 2598 Att.
740 2568 841 2598 Lectt.

118 2620 147 2648 5,
173 2620 202 2649 5.
234 2621 270 2640 ac
298 2611 420 2640 Cor-sin.
452 2611 487 2639 F.
512 2611 554 2640 A.
584 2610 644 2639 vol.
667 2620 691 2639 1.
720 2621 749 2649 p.
772 2619 840 2640 121.

118 2653 252 2692 Propter
274 2653 393 2692 reliqua
409 2653 469 2683 hae
488 2654 646 2683 notandae
668 2659 743 2682 sunt
759 2652 842 2681 locu-

117 2697 241 2725 tiones:
275 2694 370 2732 νόμον
397 2694 589 2735 ἀναγράφειν
617 2694 659 2725 εἷς
686 2693 841 2731 λεύκωμα,

117 2736 160 2768 εἷς
177 2737 298 2767 σανίδα·
322 2736 538 2776 παραγράφειν
557 2736 651 2774 νόμον
673 2736 765 2775 νόμῳ·
791 2737 841 2766 ἐκ-

117 2781 213 2810 θεῖναι
228 2778 365 2819 πρόσθεν
380 2781 443 2809 τῶν
460 2778 658 2816 Ἐπωνύμων,
678 2779 753 2819 πρὸς
770 2779 842 2809 τοὺς

116 2821 324 2858 Ἐπωνύμους·
347 2823 532 2861 παραδοῦναι
548 2823 593 2860 τῷ
612 2822 797 2861 γραμματεῖ.

161 2864 174 2886 t
206 2864 373 2894 Demosth.
399 2865 418 2894 l.
443 2876 468 2895 c.
506 2865 557 2894 ἵνα
594 2863 728 2894 ἕκαστος
762 2865 843 2901 ὑμῶν

118 2905 255 2937 ἀκούσας
278 2905 470 2937 πολλάκις
493 2919 521 2936 κ.
539 2919 570 2936 τ.
589 2913 620 2936 λ.
660 2908 718 2937 Sed
744 2907 773 2936 id
800 2908 842 2936 ita

117 2950 270 2989 accepisse
294 2950 419 2980 videtur
436 2949 604 2989 Ulpianus,
622 2956 657 2979 ut
677 2950 780 2989 prima
797 2959 843 2978 re-

910 2314 993 2344 εἷτα
1013 2315 1124 2348 λαβεῖν
1141 2313 1196 2343 τὸν
1212 2313 1406 2353 γραμματέα.

952 2362 971 2378 ¹¹
1010 2357 1063 2385 An
1095 2367 1217 2395 semper
1248 2356 1305 2385 hoc
1336 2362 1498 2386 servatum
1529 2356 1571 2385 sit
1601 2356 1634 2384 in

909 2399 1015 2438 legun]
1032 2399 1157 2436 latione,
1175 2399 1331 2429 incertum
1348 2405 1395 2428 est
1411 2399 1510 2427 nobis.
1544 2397 1634 2427 Nihil

909 2443 948 2471 (le
968 2452 1004 2471 eo
1025 2442 1057 2470 in
1081 2441 1171 2471 Orat.
1192 2448 1308 2471 nostra.
1358 2441 1451 2470 Posui
1476 2441 1505 2469 id
1528 2447 1634 2470 tamen

909 2495 948 2513 ex
977 2484 1148 2513 Timocrat.
1173 2494 1202 2522 p.
1223 2483 1305 2521 716.,
1327 2483 1401 2522 quia
1426 2483 1511 2512 hand
1540 2483 1635 2512 dubie

910 2527 948 2555 ad
965 2525 1142 2564 legitimum
1159 2526 1301 2556 ordinem
1320 2526 1482 2564 pertinuit.

954 2573 971 2589 V
1012 2568 1079 2597 1300
1109 2568 1318 2597 fundamento
1356 2567 1471 2597 nititur
1506 2567 1634 2605 partitio

910 2610 1007 2648 hujus
1023 2610 1172 2639 orationis
1190 2616 1323 2639 nostrae.
1373 2610 1480 2639 Prima
1497 2610 1529 2638 in
1548 2617 1635 2647 parte

910 2652 959 2681 lex
994 2652 1136 2689 Leptinis
1175 2652 1393 2690 impugnatur,
1425 2653 1457 2680 in
1489 2662 1550 2691 quo
1588 2657 1635 2680 est

910 2700 1004 2733 caput
1027 2705 1176 2729 1·2111ssae;
1202 2695 1233 2723 in
1258 2694 1356 2724 altera
1380 2700 1469 2732 parte
1489 2694 1634 2723 adversa-

910 2737 974 2765 rius
992 2747 1080 2765 suam
1098 2737 1236 2775 opponit,
1254 2736 1327 2765 inde
1343 2746 1361 2765 a
1378 2747 1409 2775 p.
1424 2737 1497 2775 483.

952 2784 968 2800 Χ
996 2779 1205 2816 Quinctilian.
1236 2779 1260 2807 Ι.
1287 2779 1327 2808 Ο.
1353 2788 1381 2816 2,
1399 2791 1430 2816 4,
1450 2787 1499 2815 33.
1536 2778 1636 2816 Apud

913 2822 1048 2851 Graecos
1075 2822 1154 2850 lator
1184 2822 1283 2858 leymn
1313 2823 1354 2850 ad
1377 2822 1513 2858 jndicem
1547 2830 1634 2849 voca-

911 2865 1028 2893 batur:
1070 2864 1219 2893 Romanis
1245 2874 1304 2902 pro
1330 2866 1475 2894 com-ione
1500 2864 1634 2893 madere

912 2917 948 2936 ac
970 2907 1152 2936 dissuadere
1173 2908 1264 2935 moris
1276 2907 1356 2943 suil.
