1997 3256
327 143 411 185 990
663 141 988 182 ADVERSUS
1022 143 1448 184 TIMOCRATEM.

327 251 451 286 atrox
483 245 583 284 mihi
609 245 801 286 videatur
827 251 1000 299 paratus
1032 260 1132 286 esse.
1166 245 1359 286 REISK.
1421 246 1475 286 V.
1507 252 1594 288 not.
1626 249 1679 288 ad
1709 248 1840 304 Longi

328 301 539 342 Pastoral.
562 316 601 355 p.
622 314 718 353 421.
753 302 1006 342 SOHAEF.

387 369 479 410 721,
507 368 569 410 17.
602 357 844 412 κακούργων]
883 358 968 397 Alii
1004 357 1097 397 libri
1132 359 1461 409 κακουργούντων.
1505 360 1643 400 Male:
1681 374 1777 400 nam
1809 360 1842 400 si

327 419 472 454 orator
494 416 809 465 κακουργούντων
830 414 1075 468 scripsisset,
1099 414 1227 454 etiam
1244 429 1281 453 v.
1300 427 1364 455 20.
1392 414 1593 468 scriptum
1613 416 1842 470 legeremus

326 471 429 520 περὶ
450 470 536 511 τοὺς
558 471 697 520 νόμους
719 475 952 522 κακουργῶν.
988 470 1239 511 SCHAEF.

386 538 479 578 721,
505 539 570 579 23.
609 528 767 568 τούτους
801 527 889 568 τοὺς
926 529 1079 580 νόμους]
1121 527 1211 566 Aut
1243 526 1464 580 legendum
1499 532 1563 567 est
1600 530 1738 567 τοῦτον
1773 528 1843 568 τὸν

327 583 459 632 νόμον,
484 582 599 631 (nam
622 582 672 621 de
693 597 775 622 una
798 582 1054 623 Timocratis
1081 583 1170 637 lege
1192 597 1326 622 sermo
1355 585 1452 634 est.)
1476 589 1549 623 3111
1576 583 1682 623 hanc
1710 584 1843 638 legem

325 638 509 692 appellat
532 640 681 688 νόμους,
706 639 803 692 (11113
832 639 1154 679 constitutiones
1176 653 1348 678 numero
1376 639 1515 692 plures
1537 640 1842 693 complectitur,

325 700 400 734 aut
420 694 552 748 possit
574 694 701 735 etiam
721 695 801 750 legi
823 696 892 735 τὸν
913 696 1046 735 τούτου
1070 697 1200 745 νόμον.
1236 695 1291 735 V.
1313 710 1352 748 p.
1373 708 1467 748 724,
1482 709 1521 750 3.
1546 708 1595 747 72
1601 706 1640 750 5,
1663 708 1725 748 17.
1759 696 1841 736 Sed

325 751 458 790 satius
480 756 544 791 est
565 751 778 805 vulgatam
800 765 978 791 servare.
1040 751 1139 791 Pari
1160 751 1284 791 modo
1306 767 1347 805 p.
1373 763 1393 803 7
1399 765 1467 803 34,
1495 753 1560 793 28.
1592 753 1680 794 τοὺς
1702 754 1841 803 νόμους

324 808 520 860 appellat,
543 807 712 847 tametsi
744 807 865 848 unica
896 808 1019 848 modo
1050 808 1115 848 lex
1136 813 1257 848 esset.
1291 807 1487 848 REISK.
1549 808 1699 849 Omnia
1720 823 1841 849 vana.

328 862 518 917 Intellige
551 863 662 918 leges
697 864 906 917 posterius
942 863 1154 912 recitatas,
1188 864 1229 903 in
1264 863 1413 918 quibus
1448 868 1513 905 est
1546 864 1673 904 etiam
1705 864 1843 904 Timo-

325 919 451 959 cratis
472 920 598 973 prior.
650 922 686 960 οἱ
717 920 986 972 προειρημένοι
1018 925 1115 960 811111
1136 921 1250 974 1111118
1278 921 1496 961 recitatae.
1559 920 1680 972 Quod
1701 926 1843 961 autem

324 974 477 1029 legitur
498 991 535 1029 p.
561 987 654 1030 734,
681 976 823 1024 28.,111
855 977 1093 1017 universum
1129 977 1286 1017 dictum
1317 982 1393 1023 est,
1427 982 1475 1017 ut
1506 977 1673 1017 omnino
1707 977 1843 1017 Timo-

325 1036 474 1081 crates,
499 1046 581 1086 qua
601 1032 881 1087 legislatorem
903 1048 946 1072 se
967 1033 1092 1087 gerit,
1114 1034 1352 1074 infametur.
1385 1034 1641 1074 SGHAEF.

383 1099 476 1140 721,
503 1089 567 1128 28.
599 1090 687 1139 περὶ
717 1090 880 1142 τούτων]
920 1089 984 1129 Ι)6
1014 1089 1090 1135 1118,
1114 1091 1168 1129 ad
1199 1091 1312 1137 haec,
1337 1104 1442 1143 quae
1469 1089 1546 1144 ipsi
1575 1090 1839 1144 exprobravi,

324 1148 367 1184 et
389 1159 564 1198 quorum
585 1145 845 1199 complexum
868 1146 1014 1186 statim
1035 1146 1215 1199 subjicit.
1249 1146 1446 1186 REISK.

383 1212 476 1252 722,
499 1215 531 1240 1.
555 1201 761 1256 δεικνύειν]
794 1201 1072 1252 Ἀττικώτερον
1103 1217 1199 1242 111οΧ
1222 1218 1256 1243 V.
1282 1215 1345 1243 12.
1370 1204 1580 1252 δεικνύναι,
1602 1217 1684 1256 quo
1715 1202 1843 1243 etiam

325 1271 364 1310 p.
389 1269 482 1307 720,
509 1270 544 1297 2.
567 1272 665 1297 usus
687 1262 763 1298 est.
797 1257 1047 1298 SCHAEF.

383 1324 478 1365 722,
506 1327 540 1353 2.
566 1317 626 1354 καὶ
647 1314 809 1366 γράφων
833 1315 893 1354 καὶ
916 1317 1056 1364 νόμους
1079 1314 1292 1369 εἰσφέρων]
1316 1315 1529 1355 Videntur
1549 1315 1676 1355 verba
1701 1319 1841 1355 trans-

324 1370 515 1423 ponenda
537 1384 649 1410 esse:
685 1371 746 1410 καὶ
766 1370 931 1422 γράφων
953 1373 1090 1420 νόμους
1112 1372 1172 1411 καὶ
1197 1371 1404 1423 εἰσφέρων.
1455 1376 1530 1411 aut
1551 1371 1632 1411 sio:
1668 1372 1729 1412 καὶ
1751 1371 1843 1423 γρά-

325 1432 412 1477 φων
446 1428 507 1466 καὶ
541 1427 736 1478 εἰσφέρων
766 1428 916 1477 νόμους.
980 1427 1068 1466 Nisi
1100 1427 1219 1467 malis
1251 1429 1415 1479 γράφων
1440 1428 1594 1468 habere
1625 1443 1702 1482 pro
1734 1428 1843 1468 nude

325 1482 398 1530 sic,
421 1497 495 1535 per
526 1497 580 1531 se⁷
603 1482 741 1536 posito
772 1488 814 1523 et
842 1497 935 1522 cum
972 1485 1111 1533 νόμους
1138 1484 1250 1523 haud
1282 1485 1543 1531 cohaerente,
1570 1484 1631 1525 ita
1661 1488 1708 1524 ut
1739 1486 1844 1526 δίκας

324 1538 611 1579 81111311(1131111.
664 1539 734 1592 qui
755 1539 911 1578 dudum
943 1554 986 1579 se
1017 1540 1192 1593 gesserit
1215 1555 1320 1588 611111,
1344 1540 1412 1593 qui
1435 1555 1510 1594 pro
1531 1541 1721 1581 mercede
1751 1540 1843 1581 aliis

326 1595 539 1635 orationes
572 1595 740 1643 scribat,
779 1610 882 1649 quas
916 1597 1194 1636 conducentes
1228 1597 1269 1636 in
1298 1597 1465 1650 judiciis
1499 1597 1706 1644 recitent3
1740 1597 1841 1636 item

324 1650 393 1703 qui
430 1666 505 1704 pro
538 1651 727 1691 mercede
760 1651 871 1706 leges
907 1651 948 1691 in
982 1652 1220 1692 concionem
1255 1653 1419 1701 inferat⁷
1453 1668 1557 1707 quas
1587 1653 1657 1694 alii
1691 1654 1843 1693 inferre

322 1712 527 1747 metuant.
579 1709 783 1748 REISK.
872 1709 1035 1759 γράφων
1074 1709 1124 1748 (16
1176 1709 1473 1763 psephismatis
1514 1710 1842 1764 intelligendum.

325 1763 580 1804 SOHAEF.

415 1832 477 1868 22,
502 1832 567 1860 21.
598 1820 820 1875 ῥᾳστώνην]
848 1821 1009 1861 Anecd.
1036 1821 1165 1861 Beklz.
1189 1837 1228 1875 p.
1251 1835 1350 1875 300,
1373 1836 1435 1877 13.
1465 1821 1689 1876 Ῥᾳστώνηῑ
1718 1824 1840 1870 ἄδεια,

326 1877 556 1918 ἀνάπαυσις.
591 1876 644 1916 V.
666 1891 703 1916 V.
726 1892 787 1930 sq.
823 1877 1072 1918 SCHAEF.

385 1943 478 1985 722,
505 1945 569 1973 22.
592 1934 671 1972 τίσι
692 1936 851 1981 τούτοις,
875 1933 1207 1988 προσεξεταζέτω]
1233 1934 1276 1975 Si
1299 1935 1405 1975 bene
1427 1935 1557 1976 habet
1577 1936 1738 1984 τούτοις,
1762 1935 1843 1975 erit

325 2002 407 2027 non
429 2003 522 2028 cum
544 1991 635 2037 τίσι,
658 1989 730 2030 sed
762 2004 854 2029 cum
886 1990 1196 2040 προσεξεταζέτω
1229 1991 1520 2045 copulandum.
1570 1999 1733 2045 praeter·
1761 1992 1843 2032 «ista

323 2045 441 2084 etiam
462 2045 530 2085 hoc
551 2046 777 2095 consideret,
800 2045 1032 2100 quibusnam
1070 2047 1157 2087 velit
1185 2047 1283 2101 (caes
1304 2063 1378 2088 esse
1398 2049 1518 2088 miles.
1581 2048 1723 2088 Possit
1745 2063 1843 2103 quo-

325 2115 404 2153 que
441 2103 597 2143 τούτους
632 2102 712 2156 legi
751 2107 793 2142 et
827 2102 882 2142 ad
916 2104 1056 2152 νόμους
1095 2104 1252 2143 referri.
1298 2104 1491 2145 REISK.
1553 2104 1844 2158 Repetendum

324 2158 444 2206 7,·ρᾶοί
462 2159 550 2197 εἶσι.
612 2158 678 2197 Sic
700 2162 842 2198 autem
872 2159 1028 2198 resolve
1050 2159 1244 2212 phrasin:
1279 2163 1378 2202 τίνες
1399 2162 1503 2201 οὗτοι
1535 2162 1590 2203 οἷς
1611 2162 1730 2212 πρᾶοί
1750 2163 1839 2202 εἰσι.

326 2212 381 2252 V.
407 2213 558 2253 Sturzii
582 2214 721 2254 Lexic.
758 2214 1031 2268 Xenophont.
1056 2216 1131 2255 vol.
1156 2231 1194 2265 4.
1224 2231 1263 2270 p.
1286 2219 1382 2270 306.
1403 2232 1442 2257 a.
1509 2216 1638 2256 Simul
1665 2222 1843 2271 apparet

325 2268 541 2308 Rciskium
563 2270 776 2310 erravisse.
812 2271 1060 2312 SCHAEF.

382 2337 475 2375 722,
502 2337 564 2378 27.
597 2327 659 2380 τὸ]
688 2327 853 2368 Mavult
878 2327 1057 2367 &Volfius
1078 2331 1157 2368 τοῦ.
1192 2328 1384 2369 REISK.
1447 2329 1640 2370 Frustra.
1694 2329 1743 2369 In
1764 2329 1841 2370 tali

323 2381 433 2421 enim
461 2384 772 2424 constructione
804 2388 879 2424 aut
913 2384 954 2423 τὸ
993 2384 1164 2438 ponitur
1194 2390 1267 2425 aut
1299 2385 1499 2426 articulus
1528 2400 1699 2439 prorsus
1726 2386 1840 2426 defit.

324 2438 439 2478 ‚Defit
460 2454 499 2492 p.
523 2450 617 2491 707,
643 2452 706 2480 21.
768 2440 1003 2480 Α111113111111
1024 2446 1166 2481 31116111
1198 2442 1498 2496 negativarum,
1521 2443 1572 2492 μὴ
1593 2448 1635 2482 61
1667 2443 1722 2490 οὐ,
1747 2457 1841 2482 con-

317 2494 480 2547 junctio
501 2495 665 2535 videtur
686 2496 792 2536 hanc
815 2497 897 2536 vim
919 2497 1084 2545 habere,
1108 2506 1155 2538 ut
1178 2499 1346 2552 negatio
1368 2499 1626 2539 intendatur.
1689 2497 1840 2539 Graeci

322 2550 446 2599 enim,
468 2551 625 2604 opinor,
648 2557 695 2592 ut
724 2558 966 2607 pernegent,
991 2553 1110 2593 simul
1132 2560 1289 2608 negant
1310 2560 1353 2595 61
1374 2557 1605 2597 ὑποθετικῶς
1628 2556 1697 2607 (μὴ
1720 2555 1838 2607 εἶναι)

323 2612 365 2646 61
388 2608 587 2650 ἀπολύτως
611 2609 697 2659 (οὐκ
730 2609 862 2659 εἶναι).
927 2609 1248 2664 Videndumque
1270 2625 1320 2651 ne
1352 2612 1497 2652 eadem
1518 2611 1708 2652 obtineat
1729 2611 1840 2652 ratio

323 2662 364 2701 in
386 2664 563 2704 formula
584 2664 746 2705 inversa
767 2666 811 2705 οὐ
831 2665 894 2715 μή.
929 2666 1179 2706 SCHAEF.

382 2731 561 2773 723,10.
606 2720 697 2761 Ἐπὶ
731 2722 956 2775 τῆς-εἶπε]
1003 2723 1227 2763 Recentior
1263 2723 1365 2764 haec
1407 2730 1472 2764 est
1507 2723 1838 2777 psephismatum

322 2775 466 2821 forma.
490 2776 541 2816 de
563 2792 644 2830 qua
665 2792 700 2817 v.
726 2777 1000 2818 Schoemann.
1024 2779 1171 2833 Antiq.
1193 2780 1303 2834 publ.
1328 2795 1367 2833 p.
1386 2782 1477 2820 226.
1517 2780 1586 2833 qui
1608 2780 1838 2820 vetustissi-

322 2845 433 2871 mum
462 2833 549 2886 ejus
581 2834 815 2887 exemplum
848 2849 937 2874 esse
973 2840 1114 2876 monet
1149 2836 1191 2875 in
1228 2836 1347 2876 inscr.
1382 2850 1449 2889 90.
1478 2851 1545 2889 ap.
1577 2837 1757 2876 Boeckh.
1786 2850 1837 2876 ex

323 2887 584 2941 01)·11111.106.
610 2889 707 2939 2.,1.
731 2905 765 2930 6.
797 2891 957 2931 duobus
988 2892 1108 2933 annis
1139 2898 1237 2933 ante
1269 2893 1375 2933 hanc
1406 2892 1652 2933 orationem.
1712 2892 1837 2933 Anti-
