1997 3256
748 165 810 205 IN
844 166 1094 207 MIDIAM.
1597 169 1682 210 807

159 282 199 322 3.
222 271 267 324 τῇ
296 270 482 322 ὑστεραίᾳ
511 267 534 324 ᾗ
566 269 614 309 ἂι)
645 271 876 321 πρόθωινται,
905 277 947 312 et
978 287 1044 326 ap.
1076 272 1170 326 Lys.
1200 274 1250 313 de
1278 273 1497 327 Aristoph.
1521 274 1615 312 bon.
1639 286 1679 325 p.

164 336 256 379 153.
279 330 385 365 extr.
409 328 452 375 τῇ
476 327 517 364 δὲ
539 329 747 379 προτεραίᾳ
770 326 790 376 ἢ
813 328 991 379 ἀυήγετο.
1056 329 1147 383 Ego
1170 330 1300 383 probe
1323 329 1491 382 quidem
1523 327 1680 382 perspi-

160 381 223 420 cio
246 395 369 434 quam
390 380 510 420 facile
530 381 672 421 littera
693 400 715 431 η
737 383 778 421 111
800 383 863 422 his
887 383 998 432 loeis,
1021 389 1149 437 atque
1171 385 1299 425 etiam
1334 386 1375 424 in
1405 390 1550 425 nostro
1571 383 1681 423 exci-

160 437 259 476 dere
279 437 492 490 potuerit;
527 438 598 477 sed
628 439 757 491 probe
783 439 924 487 etiam,
949 455 1073 493 quam
1100 441 1221 480 facile
1252 441 1292 479 in
1324 440 1413 494 ipso
1436 440 1681 494 quotidiano

159 506 372 539 sermone;
408 493 476 546 qui
499 498 587 533 tam
608 495 754 534 erebro
776 495 933 549 logicas
961 497 1145 535 rationes
1174 497 1401 549 posthabet
1422 495 1677 550 compendiis

160 554 201 588 et
239 563 434 587 sonorum
469 549 545 588 levi
578 550 813 602 juncturae.
876 551 1015 601 Quare
1050 552 1189 605 potuit·
1225 552 1348 592 Plato
1383 553 1564 605 quidem,
1602 556 1678 591 aut

159 604 288 657 siquis
313 605 480 644 criticus
507 605 697 659 exempla
724 607 811 659 ejus
843 606 1015 654 li121avit‚
1040 608 1287 647 severiorem
1314 608 1528 660 cogitandi
1559 622 1680 660 regu-

157 660 239 700 lam
271 661 411 713 sequi;
451 661 523 700 scd
555 670 745 701 oratores
777 667 821 702 et
855 663 991 715 legum
1022 663 1248 716 scriptores
1282 663 1427 716 populi
1459 664 1679 716 loquelam.

157 716 215 756 Et
238 716 279 755 in
304 717 453 769 Lysiae
476 717 641 770 quidem
674 717 762 757 loco
794 718 915 771 plane
948 719 1094 757 eadem
1122 724 1315 758 servatur
1339 721 1472 758 forma
1494 734 1601 771 quae
1636 724 1679 758 et

155 773 267 826 apud
303 772 489 818 Latinos,
525 788 617 812 eum
654 773 799 813 dieunt
825 774 968 827 pridie
999 789 1117 827 quam
1144 776 1350 827 proficius
1386 781 1465 814 est:
1508 775 1550 813 in
1586 775 1676 828 lege

154 834 296 868 autem
318 829 385 868 illa
411 829 499 880 (ubi
522 828 543 878 ἢ
566 828 615 868 ἄν
637 829 843 869 Graecum
870 844 952 868 non
975 832 1104 880 esset)
1130 835 1172 870 et
1200 830 1241 869 111
1273 835 1417 870 nostro
1449 830 1551 877 1000,
1576 831 1674 870 (111111

156 884 324 938 Taylori
353 885 506 924 rationi
535 884 698 924 codices
730 884 829 923 nulli
854 885 1069 933 addicunt,
1092 891 1233 926 mente
1256 886 1436 939 suppleri
1462 887 1586 927 debet
1608 890 1677 936 τῆς

152 941 307 991 ἡμέρας.
370 941 445 981 Cui
477 940 630 980 rationi
662 941 869 981 simillima
900 947 965 981 est
995 941 1064 981 illa
1086 956 1167 994 qua
1195 956 1230 982 e.
1252 957 1291 996 g.
1314 942 1355 981 in
1384 942 1517 983 Iliade
1539 949 1581 994 φ,
1607 944 1674 982 80.

153 996 319 1038 dieitur.
352 997 428 1046 ἠὼς
461 997 503 1036 δέ
537 998 605 1046 μοί
638 999 743 1036 ἐστιν
759 996 863 1037 “Hos
897 997 1113 1046 δυωδεκάτη
1146 997 1199 1036 ὅτ’
1230 1000 1269 1040 ἐς
1285 997 1413 1038 Ἴλιον
1445 999 1672 1049 εἰλήλουθα.

153 1051 379 1092 BUTTM.
443 1053 599 1092 Parum
628 1058 899 1106 perspexerat
931 1054 1008 1092 1100
1040 1053 1195 1093 idioma
1222 1054 1403 1102 Bastius,
1427 1070 1549 1108 quem
1572 1071 1606 1095 v.
1631 1055 1673 1094 in

153 1109 346 1162 Append.
370 1108 507 1162 Epist.
530 1109 631 1149 Urit.
655 1123 694 1162 p.
721 1121 756 1161 7.
790 1114 832 1149 et
866 1109 1069 1162 Epimetr.
1097 1110 1153 1150 ad
1180 1110 1455 1164 Aristophan.
1482 1111 1594 1152 Plut..
1623 1127 1668 1166 p.

151 1168 219 1218 36.
263 1164 517 1205 SCHAEF.

207 1233 303 1274 553,
325 1234 387 1260 11.
411 1222 675 1274 εἰσεληλύθει]
716 1220 881 1261 Scilicet
903 1222 956 1261 ad
980 1223 1290 1263 Aristarchum.
1333 1223 1529 1263 REISK.

208 1289 303 1330 553,
332 1289 394 1316 12.
427 1276 474 1330 δ’]
511 1277 542 1317 θ’
563 1277 650 1317 vult
681 1278 895 1330 Taylorus.
942 1278 1134 1319 REISK.
1199 1280 1360 1319 Verum
1392 1294 1481 1319 esse
1513 1279 1543 1319 δ’
1569 1279 1673 1320 satis

150 1333 291 1387 arguit
310 1334 383 1383 μὲι]
398 1347 433 1371 v.
456 1347 515 1372 10.
538 1348 561 1373 a
587 1333 755 1373 Reiskio
778 1348 828 1372 ex
850 1334 941 1373 cod.
968 1335 1078 1389 Aug.
1104 1336 1318 1376 insertum.
1365 1336 1620 1376 SOHAEF.

207 1388 638 1443 τοῦτο-ἀκαθαρσίας]
675 1389 923 1429 Memoriter
949 1390 1053 1431 citat
1076 1391 1301 1432 Aristides.
1353 1392 1408 1431 V.
1431 1397 1518 1432 not.
1547 1392 1602 1432 ad
1632 1408 1672 1446 p.

157 1458 331 1497 119,10.
376 1445 627 1485 SCHAEF.

207 1512 302 1555 553,
328 1515 388 1551 ¹4-
423 1503 563 1552 ἐφεξῆς
594 1501 756 1555 οὑτωσὶ]
791 1501 894 1540 Tam
927 1517 1069 1556 prope.
1098 1507 1145 1542 ut
1171 1503 1292 1557 vulgo
1325 1504 1460 1543 solent
1491 1503 1671 1544 maxime

149 1557 377 1598 familiares
416 1557 495 1597 sibi
536 1557 731 1597 assidere.
775 1557 969 1597 REISK.
1038 1559 1274 1598 Boeckhius
1315 1559 1357 1598 in
1398 1559 1523 1599 Actis
1560 1560 1671 1600 Aea-

151 1614 312 1654 demiae
346 1614 514 1653 Boruss.
549 1629 586 1654 a.
615 1615 736 1653 1818.
770 1629 811 1667 p.
847 1616 912 1665 76.
949 1620 1168 1668 comparat
1204 1618 1246 1655 ἐι)
1281 1617 1469 1668 συνουσίᾳ
1502 1617 1576 1655 τινὶ
1610 1617 1672 1656 καὶ

150 1673 327 1725 διατριβῇ
357 1672 475 1712 οὕτως
505 1671 578 1724 ἰδίᾳ
606 1686 645 1724 p.
668 1681 764 1724 537,
790 1682 849 1722 17.
877 1672 1018 1710 οὑτωσὶ
1045 1673 1226 1725 jungens
1258 1671 1323 1712 ille
1355 1671 1576 1725 participio
1606 1690 1670 1712 κα-

150 1728 366 1776 θεζόμενος.
429 1726 521 1780 Ego
542 1727 685 1767 malim
707 1741 800 1766 011111
823 1726 992 1766 Reiskio
1018 1734 1136 1767 arete
1154 1728 1329 1782 jungere
1353 1731 1492 1780 ἐφεξῆς
1513 1729 1668 1768 οὑτωσί.

152 1783 411 1824 SCHAEF.

206 1850 301 1892 553,
328 1852 392 1879 ΖΟ.
417 1837 460 1878 δι’
476 1839 643 1894 ἐκείνου]
680 1838 764 1878 Ρο1·
784 1838 1093 1880 Aristarchum.
1136 1840 1332 1880 REISK.

205 1906 301 1949 554,
322 1908 355 1934 1.
379 1895 646 1949 ἀνηρπάσθαι]
682 1895 802 1934 Solus
823 1895 1016 1935 Reiskius
1044 1901 1159 1936 reete
1181 1897 1332 1936 statuit
1354 1896 1405 1936 de
1426 1897 1504 1937 1100
1528 1898 1667 1947 verbo,

148 1951 213 1990 cui
235 1951 519 2005 lexicographi
538 1951 634 1990 inde
650 1966 675 1991 a
694 1951 877 1999 Budan.
894 1952 992 1990 dum
1008 1953 1307 1992 Demosthenis
1324 1968 1443 1992 usum
1461 1959 1667 2006 spectant,

147 2007 305 2060 aliquid
332 2007 382 2046 de
408 2007 466 2046 acl
491 2021 657 2060 poenam
685 2007 881 2060 rapiendo
907 2008 1167 2048 admiscent:
1201 2009 1265 2048 cui
1287 2009 1424 2048 sensui
1448 2014 1589 2049 tamen
1605 2011 1670 2050 vel

149 2063 237 2103 sola
267 2063 523 2117 praepositio
546 2063 620 2102 ἀνά
643 2068 863 2117 repugnat.
926 2064 1005 2104 Est
1027 2064 1136 2104 enim
1158 2065 1324 2118 proprie
1345 2080 1503 2105 sursum
1524 2067 1666 2115 tollere,

147 2125 190 2160 et
218 2119 313 2159 hine
341 2120 449 2159 malo
478 2134 599 2159 sensu
622 2120 667 2158 cle
688 2119 812 2159 medio
839 2120 981 2168 tollere,
998 2121 1183 2172 perdere,
1207 2128 1371 2161 evertere
1386 2137 1398 2160 .·
1432 2126 1479 2161 ut
1501 2122 1552 2161 de
1573 2122 1669 2162 eivi-

147 2180 249 2223 tate,
282 2176 396 2229 apud
427 2180 617 2215 nostrum
644 2175 822 2229 Philipp.
849 2176 931 2215 III.
955 2191 995 2229 p.
1017 2189 1107 2230 123,
1130 2190 1204 2225 10..
1229 2178 1279 2217 de
1311 2177 1493 2226 homine,
1523 2178 1565 2218 in
1597 2193 1668 2218 no-

147 2236 237 2272 stra
259 2246 318 2271 or.
340 2232 379 2271 ll.
406 2231 476 2272 cit.
499 2237 541 2271 et
566 2231 746 2285 Philipp.
772 2232 849 2272 JV.
871 2247 910 2285 p.
931 2235 1025 2285 136,
1045 2247 1106 2272 10.
1132 2238 1175 2273 et
1195 2234 1287 2274 adv.
1313 2234 1461 2274 Neaer.
1485 2249 1525 2287 p.
1546 2236 1666 2288 1348,

152 2301 186 2327 1.
249 2287 343 2328 Hoc
366 2288 511 2327 ultimo
533 2287 643 2327 enim
665 2288 755 2327 loco
782 2288 992 2341 judicibus
1019 2293 1162 2342 grates
1184 2294 1380 2343 aguntur}
1405 2290 1517 2342 quod
1539 2291 1668 2344 Apol-

145 2344 348 2391 lodorum,
372 2345 693 2383 condemnatum
716 2344 829 2382 illum
856 2345 1035 2396 quidem,
1064 2359 1146 2384 non
1178 2349 1321 2385 tamen
1353 2345 1525 2386 siverint
1547 2348 1664 2397 ἆμαρ-

146 2403 355 2449 πασθῆναι,
388 2401 486 2439 (111111
521 2400 682 2439 talento
722 2404 889 2439 tantum
929 2401 1124 2448 multant,
1158 2415 1240 2439 non
1272 2416 1368 2441 vero
1404 2416 1557 2455 magna
1597 2402 1667 2443 illa

145 2456 333 2510 pecunia.
368 2470 451 2509 qua
485 2465 708 2495 aecusator
740 2455 855 2495 litem
887 2456 1206 2505 aestimavisset,
1239 2457 1385 2510 cuique
1422 2458 1666 2511 pendendae

146 2512 268 2566 plane
292 2512 429 2565 impar
457 2517 566 2551 esset
596 2511 674 2551 ille.
737 2511 863 2551 Unde
884 2518 1058 2565 apparet
1082 2514 1382 2563 ἀυαρπασθῆυαι
1403 2527 1492 2552 esse
1511 2514 1664 2566 perire,

134 2569 331 2622 funditas
351 2569 505 2622 perdi‚·
541 2568 651 2620 quod
682 2568 721 2606 h.
752 2567 777 2607 l.
809 2572 851 2608 et
877 2583 916 2621 p.
940 2578 1120 2622 555,19.
1151 2568 1300 2608 fortius
1330 2569 1501 2609 effertur
1530 2569 1665 2610 forma

145 2624 330 2678 perfecti.
375 2624 602 2663 BUTTM.

202 2692 300 2735 554,
331 2693 365 2722 2.
402 2681 464 2734 αὖ]
519 2679 793 2720 Scribendum
833 2679 925 2719 αὐτὸ
961 2693 1013 2719 ex
1048 2680 1089 2720 S.
1125 2681 1176 2720 de
1209 2695 1291 2733 quo
1331 2680 1494 2721 dicetur
1533 2683 1588 2722 ad
1623 2698 1664 2737 p.

197 2849 422 2889 ammatico
453 2863 503 2889 ex
533 2863 573 2902 p.
602 2858 698 2901 552,
725 2861 770 2901 ¹3
800 2861 914 2902 seqq.
952 2847 1269 2888 WESTERM.
1331 2847 1533 2889 Defendit
1554 2849 1664 2890 Voe-

188 2904 291 2945 elius
311 2905 542 2946 Comment.
557 2916 596 2957 5.
619 2918 657 2957 p.
677 2916 741 2943 10.

152 2983 155 2986 ⁴
205 2970 300 3017 554,
318 2962 354 3001 8.
377 2960 530 3015 Χάρης]
560 2960 653 3000 Ηο0
675 2959 762 3000 sola
783 2958 859 2999 niti
881 2958 1046 3000 videtur
1067 2958 1225 2999 Reiskii
1247 2958 1499 3013 conjectura.
1547 2960 1664 3003 Libri

144 2747 360 2944 3329}
383 2790 687 2845 ΜΑΡΊὝΡΕΣ]
722 2790 1023 2831 Testimonium
1049 2795 1187 2831 totum
1217 2792 1304 2832 fere
1333 2792 1611 2846 compositum
1639 2809 1665 2835 a
