1997 3256
339 146 451 186 1010
704 141 1027 182 ADVERSUS
1061 138 1488 181 TIMOORATEM.

399 250 452 302 76
460 261 492 296 Ι,
518 258 583 300 27.
608 246 860 287 Μελάνωπον
883 246 943 285 καὶ
963 243 1201 295 Γλαυκέτην]
1239 244 1336 282 Hoc
1355 242 1498 283 ordine
1523 241 1618 282 libri
1649 239 1854 289 meliores,

339 311 388 345 ut
407 320 447 358 p.
473 314 565 357 703,
591 316 656 344 21.
705 302 846 356 Vulgo
868 301 1092 351 Γλαυκέτην
1115 301 1176 340 καὶ
1199 303 1255 339 Μ.
1277 303 1325 339 ut
1345 314 1385 352 p.
1405 310 1499 353 703,
1517 311 1581 352 29.
1606 310 1699 351 739,
1719 308 1785 350 25.
1801 296 1854 337 al.

399 362 492 414 761,
518 372 584 414 29.
617 359 1035 408 τουτωνὶ-πολιτῶν]
1078 356 1243 396 Horum
1274 355 1461 409 judicum
1495 360 1539 395 et
1572 358 1719 395 tantae
1750 352 1859 406 judi-

340 417 449 458 cium
470 414 780 456 circumstantis
810 412 1090 454 multitudinis
1118 418 1160 453 et
1187 411 1441 466 reliquorum
1468 411 1629 460 civium,
1653 409 1723 464 qui
1744 408 1857 450 domi

339 476 596 514 manserunt.
639 471 833 512 REISK.

401 531 494 583 762,
512 540 551 582 5.
574 527 1077 580 διάκονον-ἐνεχυράζειν]
1106 525 1155 565 In
1173 524 1466 565 Androtionea
1485 538 1526 578 p.
1542 524 1638 571 610,
1659 532 1721 576 17.
1739 522 1859 562 Σινώ-

339 603 416 637 πην
440 587 501 626 καὶ
522 584 806 636 Φανοστράτην
827 585 972 635 πόρνας
1003 583 1227 634 ἀνθρώπους
1257 581 1459 621 nominat.
1523 579 1605 620 Est
1634 578 1764 634 igitur
1794 578 1860 618 hic

340 643 383 682 τὸ
405 645 576 695 χρῆσθαι
597 640 827 691 πλησιάζειν
849 641 911 680 καὶ
933 644 1121 680 συνεῖναι.
1153 637 1345 678 WOLF.

400 700 493 752 762,
519 710 555 751 7.
589 696 986 750 ἐπάσχεθ’-ἠλέεις]
1029 695 1201 735 Subitus
1238 694 1443 735 transitus
1479 693 1533 733 ab
1569 691 1779 746 judicibus
1817 695 1860 732 et

341 755 462 809 plebe
492 754 695 808 judicium
728 753 1026 794 circumstante
1058 753 1113 792 ad
1147 751 1445 791 Timocratem.
1481 749 1675 789 REISK.
1736 748 1860 788 Adde

342 813 420 852 hoc
452 810 658 865 repentini
689 810 892 850 transitus
924 809 1159 863 exemplum
1190 807 1281 857 illis,
1310 821 1415 861 quae
1448 810 1648 861 congesta
1678 810 1776 846 sunt
1806 804 1862 846 ad

342 884 382 923 p.
404 881 501 921 501,
526 868 564 907 8.
609 866 866 907 SCHAEF.

402 926 495 977 762,
520 924 557 964 8.
580 922 655 964 οὐδ’
673 925 803 963 ὁτιοῦν
825 922 1077 974 εἰσφέροντες
1098 922 1303 972 παύονται]
1342 919 1508 960 Scilicet
1531 917 1784 970 εἰσφέροντες
1799 917 1863 958 vel

342 985 409 1021 τοῦ
439 980 654 1032 εἰσφέρειν.
701 979 954 1033 quantumvis
985 979 1106 1019 etiam
1133 976 1395 1025 contribuant,
1428 983 1557 1017 tamen
1580 976 1707 1028 finem
1737 975 1864 1028 confi-

342 1037 460 1077 remlc‘
479 1037 647 1090 filerunt
677 1035 845 1083 uallum,
872 1049 943 1075 seu
974 1035 1044 1088 qui
1067 1033 1274 1088 perpetuis
1304 1031 1652 1073 οοιιῖνίὂιιύἱοιιὶὂιιε
1681 1031 1864 1071 eoeinani-

342 1100 478 1134 ἰιιιΐιιικ
511 1092 705 1132 REISK.
753 1091 910 1132 Similia
930 1091 1060 1131 habet
1080 1091 1170 1131 Iud.
1188 1089 1418 1130 Graecitat.
1481 1089 1576 1130 Non
1597 1088 1746 1142 probo:
1770 1088 1864 1141 jun-

343 1150 480 1204 genda
510 1149 620 1189 enim
651 1147 726 1188 οὐδ’
751 1150 880 1188 ὁτιοῦν
908 1149 1110 1188 παύονται.
1162 1146 1270 1186 mallo
1301 1160 1377 1186 non
1405 1152 1573 1199 tempore
1603 1143 1864 1184 contribuunt.

346 1206 588 1259 Xenophon
613 1205 791 1245 Memor.
813 1218 851 1254 4,
875 1218 914 1253 4,
936 1217 998 1244 10.
1023 1205 1047 1244 ἃ
1069 1207 1174 1243 δοκεῖ
1191 1219 1257 1252 μοι
1279 1203 1404 1242 δίκαια
1427 1197 1537 1248 εἶναι,
1561 1200 1674 1241 οὐδὲν
1694 1202 1867 1251 παύομαι

345 1263 681 1311 ἀποδεικνύμενος.
744 1260 865 1312 Quod
892 1260 979 1300 sine
1000 1274 1147 1300 caussa
1170 1258 1381 1312 displicuit
1403 1256 1612 1299 Ernestio.
1662 1256 1770 1297 mollo
1791 1270 1868 1297 ozon

344 1325 516 1371 tempore
537 1318 706 1358 ostendo.
750 1316 1002 1358 SCHAEF.

406 1377 499 1428 762,
524 1387 584 1415 12.
607 1374 1080 1424 τηλικοῦτο-ἐτόλμησε]
1116 1371 1274 1412 Verte:
1313 1371 1446 1411 Tanta
1473 1384 1560 1410 vero
1584 1374 1641 1410 est
1663 1369 1779 1410 istius
1804 1369 1868 1410 Ιιο-

345 1432 467 1472 minis
487 1431 738 1485 αννοῃαηΐία,
764 1430 906 1484 quasi
932 1429 1070 1469 horum
1088 1428 1329 1480 facinorum
1356 1441 1560 1481 nunquam
1580 1427 1750 1467 daturus
1776 1432 1870 1467 esset

338 1502 502 1543 poenas,
526 1494 569 1527 ιιτ
588 1487 825 1527 solus—non
846 1485 1058 1526 dubitaret.
1093 1484 1357 1525 TAYLOR.

410 1546 502 1597 762,
524 1557 585 1594 14.
608 1544 675 1583 τὸν
696 1544 834 1594 λόγον]
872 1542 1039 1582 Scilicet
1060 1545 1136 1581 τῶν
1156 1541 1375 1593 χρημάτων.
1420 1538 1672 1580 SCHAEF.

413 1602 506 1654 762,
527 1611 589 1654 15.
612 1603 751 1651 προῖκα
773 1601 860 1651 γὰρ,
884 1599 996 1638 οὐδὲν
1013 1599 1303 1649 ὠφελούμενος]
1330 1597 1499 1637 Acerba
1519 1596 1620 1636 haec
1637 1599 1703 1636 est
1724 1594 1869 1645 ironia,

354 1672 436 1712 qua
458 1657 742 1696 Timocratem
762 1655 883 1704 ridet,
907 1654 1097 1694 desinens
1120 1653 1160 1693 in
1182 1669 1218 1693 v.
1241 1653 1466 1694 λανθάνειν.
1511 1652 1711 1692 REISK.

409 1715 504 1766 762,
525 1725 587 1766 17.
611 1713 647 1764 ὃ]
683 1712 742 1752 Id
766 1712 874 1764 quod
899 1725 944 1751 ne
971 1725 1036 1751 vvos
1067 1710 1226 1764 quidem
1244 1709 1389 1764 fzcgyerc
1413 1708 1600 1756 arbitror,
1624 1708 1779 1749 scilicet
1803 1706 1872 1747 Ti-

348 1774 579 1810 mocratem
600 1769 711 1823 leges
733 1768 836 1808 duas
858 1767 1001 1808 tulisse
1023 1767 1133 1807 inter
1154 1781 1198 1806 se
1218 1771 1466 1821 pugnantes.
1499 1764 1695 1806 REISK.
1755 1763 1809 1805 V.
1827 1779 1869 1818 p.

352 1838 446 1880 720.
493 1824 745 1866 SOHAEF.

408 1885 502 1936 762,
528 1895 594 1924 22.
616 1882 866 1934 συγγνώμην]
902 1884 969 1919 τοῦ
989 1883 1233 1931 μισθαρνεῖν.
1278 1878 1529 1920 SCHAEF.

409 1940 502 1992 762,
529 1951 593 1992 23.
616 1939 798 1988 ἀκούσας]
835 1938 1114 1977 ἀναλίσκοντα.
1158 1935 1411 1976 SOHAEF.

406 1994 526 2046 ταῦτ’]
563 1994 661 2034 τοῦτ’
684 1996 752 2047 (sc.
782 1995 981 2045 ἀργύριον)
1015 1992 1248 2041 Dobraeus‚
1278 1993 1519 2046 conjectura
1551 1994 1725 2045 propter
1755 2004 1873 2044 supe-

348 2051 435 2091 rius
457 2056 577 2092 ταῦτα
598 2050 678 2091 alio
701 2064 823 2090 sensu
846 2049 1094 2103 capiendum
1116 2063 1198 2089 non
1221 2048 1499 2103 improbabili.

409 2110 502 2160 762,
529 2121 593 2158 24.
618 2108 766 2160 ἐκείνῳ]
804 2106 936 2146 Patri.
980 2105 1234 2146 SUHAEF.

411 2165 503 2216 763,
527 2177 565 2217 3.
596 2165 656 2203 διὰ
677 2162 812 2213 μικρὸν
835 2163 1034 2213 ἀργύριον]
1071 2161 1378 2214 Aristophanes
1402 2160 1519 2200 Plut.
1540 2171 1633 2213 147.
1655 2161 1716 2200 διὰ
1735 2158 1872 2210 μικρὸν

352 2220 587 2272 ἀργυρίδιον.
628 2219 683 2259 ad
701 2234 738 2272 q.
756 2218 779 2258 l.
800 2218 1020 2258 Dobraeus
1037 2217 1182 2258 citavit
1201 2216 1586 2257 Demosthenicum.
1622 2215 1870 2256 SOHAEF.

417 2278 513 2330 763,
541 2286 581 2329 5.
614 2276 665 2326 μὴ
700 2274 857 2328 μετέχει
888 2277 954 2324 τῆς
985 2275 1150 2325 πόλεως]
1191 2274 1323 2324 ἄτιμός
1360 2274 1481 2313 ἐστιν.
1528 2272 1583 2313 V.
1604 2287 1645 2326 p.
1666 2285 1785 2322 1011,
1809 2284 1873 2312 ΙΙ.

354 2332 614 2372 SCHAEF.

411 2390 503 2442 763,
528 2390 564 2428 6.
589 2386 787 2442 διῴκηκεν]
825 2387 965 2427 sorori
985 2386 1135 2441 eyreqie
1156 2385 1376 2440 prospexit.
1412 2384 1667 2427 SOHAEF.
1728 2384 1874 2425 Isaeus

351 2459 390 2499 p.
413 2446 478 2494 64,
493 2457 532 2497 3.
555 2445 672 2484 αὐτὸν
694 2443 724 2484 δ’
742 2445 892 2484 ἐκεῖνον
914 2444 1010 2483 οὕτω
1033 2441 1220 2498 διῴκησεν
1238 2443 1499 2494 ἐπιτροπεύων
1518 2443 1620 2482 ὥστε
1641 2444 1756 2494 τριῶν
1772 2441 1873 2496 αὐτῷ

351 2500 554 2540 ταλάντων
575 2502 683 2551 δίκην
706 2502 862 2551 ὀφλεῖν.

411 2558 508 2610 763,
528 2570 588 2596 10.
623 2557 693 2606 τὴν
725 2558 857 2608 πόλιν]
899 2555 955 2596 Η.
988 2570 1022 2596 e.
1058 2569 1262 2596 summam
1297 2568 1437 2595 rerum
1471 2554 1583 2609 apud
1621 2554 1874 2608 Corcyraeos

353 2618 621 2667 potestatem.
652 2612 847 2653 REISK.
906 2612 1018 2652 Nihil
1041 2612 1169 2666 igit-ur
1189 2611 1340 2651 mirum
1361 2611 1572 2651 hominem
1587 2610 1713 2651 fuisse
1730 2609 1875 2664 ἐχθρὸν

353 2672 429 2708 τῶν
444 2668 675 2719 Ἀθηναίων,
698 2671 851 2711 πόλεως
873 2668 1243 2720 δημοκρατουμένης.
1287 2667 1537 2709 SCHAEF.

414 2726 506 2778 763,
530 2739 592 2766 11.
625 2724 690 2766 ὅτε
721 2729 832 2778 δεῦρο
860 2727 1091 2777 πρεσβεύοι]
1131 2725 1287 2777 Quoties
1320 2724 1469 2779 Zeyatus
1499 2723 1678 2765 Athenas
1713 2722 1875 2764 veniret.

356 2780 606 2822 SCHAEF.

414 2839 454 2886 ἐξ
476 2839 520 2878 οὗ
542 2839 583 2878 δὲ
604 2839 762 2889 τρόπου]
800 2837 965 2879 Scilicet
984 2837 1215 2893 χρησομένῳ
1237 2838 1287 2881 ὡς
1307 2838 1485 2892 διακόνῳ.
1534 2835 1587 2877 V.
1607 2835 1789 2877 WVolfius
1818 2835 1874 2878 ad

355 2907 394 2947 p.
421 2895 514 2946 762,
538 2903 576 2948 5.
620 2893 871 2936 SOHAEF.
