<?xml version="1.0" encoding="UTF-8"?>
<!DOCTYPE html PUBLIC "-//W3C//DTD XHTML 1.0 Transitional//EN"
    "http://www.w3.org/TR/xhtml1/DTD/xhtml1-transitional.dtd">
<html xmlns="http://www.w3.org/1999/xhtml" xml:lang="en" lang="en">
 <head>
  <title>
</title>
<meta http-equiv="Content-Type" content="text/html;charset=utf-8" />
  <meta name='ocr-system' content='tesseract 3.04.00' />
  <meta name='ocr-capabilities' content='ocr_page ocr_carea ocr_par ocr_line ocrx_word'/>
</head>
<body>
  <div class='ocr_page' id='page_1' title='image "./operaexrecension06demouoft/operaexrecension06demouoft_0211.png"; bbox 0 0 1997 3256; ppageno 0'>
   <div class='ocr_carea' id='block_1_1' title="bbox 716 153 1646 200">
    <p class='ocr_par' dir='ltr' id='par_1_1' title="bbox 716 153 1646 200">
     <span class='ocr_line' id='line_1_1' title="bbox 716 153 1646 200; baseline 0.005 -7"><span class='ocrx_word' id='word_1_1' title='bbox 716 154 775 194; x_wconf 92' lang='lat' dir='ltr'>IN</span> <span class='ocrx_word' id='word_1_2' title='bbox 811 153 990 194; x_wconf 84' lang='lat' dir='ltr'>MIDIA</span> <span class='ocrx_word' id='word_1_3' title='bbox 1002 154 1063 194; x_wconf 88' lang='lat' dir='ltr'>M.</span> <span class='ocrx_word' id='word_1_4' title='bbox 1563 157 1646 200; x_wconf 79' lang='lat'>797</span> 
     </span>
    </p>
   </div>
   <div class='ocr_carea' id='block_1_2' title="bbox 126 259 1654 2990">
    <p class='ocr_par' dir='ltr' id='par_1_2' title="bbox 126 259 1649 1093">
     <span class='ocr_line' id='line_1_2' title="bbox 129 259 1645 311; baseline -0.001 -11"><span class='ocrx_word' id='word_1_5' title='bbox 129 262 170 300; x_wconf 84' lang='grc' dir='ltr'>ἐκ</span> <span class='ocrx_word' id='word_1_6' title='bbox 198 264 273 300; x_wconf 84' lang='grc' dir='ltr'>τῶν</span> <span class='ocrx_word' id='word_1_7' title='bbox 299 262 426 309; x_wconf 86' lang='grc' dir='ltr'>νόμων</span> <span class='ocrx_word' id='word_1_8' title='bbox 453 260 671 311; x_wconf 85' lang='grc' dir='ltr'>ὡρισμένον</span> <span class='ocrx_word' id='word_1_9' title='bbox 697 262 852 310; x_wconf 85' lang='grc' dir='ltr'>τίμημα,</span> <span class='ocrx_word' id='word_1_10' title='bbox 876 260 925 301; x_wconf 79' lang='grc' dir='ltr'>ὡς</span> <span class='ocrx_word' id='word_1_11' title='bbox 951 261 1071 309; x_wconf 82' lang='grc' dir='ltr'>μηδὲν</span> <span class='ocrx_word' id='word_1_12' title='bbox 1097 262 1178 298; x_wconf 82' lang='grc' dir='ltr'>δεῖν</span> <span class='ocrx_word' id='word_1_13' title='bbox 1206 259 1292 300; x_wconf 82' lang='grc' dir='ltr'>τοὺς</span> <span class='ocrx_word' id='word_1_14' title='bbox 1321 260 1503 300; x_wconf 81' lang='grc' dir='ltr'>δικαστὰς</span> <span class='ocrx_word' id='word_1_15' title='bbox 1528 262 1645 298; x_wconf 87' lang='grc' dir='ltr'>διατι-</span> 
     </span>
     <span class='ocr_line' id='line_1_3' title="bbox 126 314 1646 368; baseline -0.001 -13"><span class='ocrx_word' id='word_1_16' title='bbox 126 316 261 366; x_wconf 85' lang='grc' dir='ltr'>μῆσαι.</span> <span class='ocrx_word' id='word_1_17' title='bbox 294 315 392 355; x_wconf 74' lang='lat' dir='ltr'><strong>Vid.</strong></span> <span class='ocrx_word' id='word_1_18' title='bbox 425 315 636 356; x_wconf 77' lang='lat' dir='ltr'>Matthiae</span> <span class='ocrx_word' id='word_1_19' title='bbox 665 316 716 356; x_wconf 91' lang='grc'>(10</span> <span class='ocrx_word' id='word_1_20' title='bbox 745 315 926 355; x_wconf 79' lang='lat' dir='ltr'>Judiciis</span> <span class='ocrx_word' id='word_1_21' title='bbox 957 315 1113 355; x_wconf 80' lang='lat' dir='ltr'><strong>Athen.</strong></span> <span class='ocrx_word' id='word_1_22' title='bbox 1142 330 1182 368; x_wconf 89' lang='lat' dir='ltr'><strong>p.</strong></span> <span class='ocrx_word' id='word_1_23' title='bbox 1211 327 1247 353; x_wconf 82' lang='lat'><strong>2.</strong></span> <span class='ocrx_word' id='word_1_24' title='bbox 1276 319 1363 354; x_wconf 88' lang='lat' dir='ltr'>not.</span> <span class='ocrx_word' id='word_1_25' title='bbox 1387 316 1453 353; x_wconf 86' lang='lat'><strong>62.</strong></span> <span class='ocrx_word' id='word_1_26' title='bbox 1516 314 1646 354; x_wconf 89' lang='lat' dir='ltr'>Nimi-</span> 
     </span>
     <span class='ocr_line' id='line_1_4' title="bbox 127 370 1645 423; baseline -0.001 -13"><span class='ocrx_word' id='word_1_27' title='bbox 127 385 221 411; x_wconf 91' lang='lat' dir='ltr'>rum</span> <span class='ocrx_word' id='word_1_28' title='bbox 242 372 397 422; x_wconf 84' lang='grc' dir='ltr'>τιμητὸς</span> <span class='ocrx_word' id='word_1_29' title='bbox 426 373 532 423; x_wconf 79' lang='grc' dir='ltr'>ἀγὼν</span> <span class='ocrx_word' id='word_1_30' title='bbox 553 376 645 411; x_wconf 85' lang='lat' dir='ltr'>erat</span> <span class='ocrx_word' id='word_1_31' title='bbox 667 386 758 411; x_wconf 92' lang='lat' dir='ltr'>cum</span> <span class='ocrx_word' id='word_1_32' title='bbox 788 371 873 411; x_wconf 84' lang='lat' dir='ltr'>litis</span> <span class='ocrx_word' id='word_1_33' title='bbox 895 371 1010 411; x_wconf 74' lang='lat' dir='ltr'>valor</span> <span class='ocrx_word' id='word_1_34' title='bbox 1030 371 1093 410; x_wconf 77' lang='lat' dir='ltr'>vel</span> <span class='ocrx_word' id='word_1_35' title='bbox 1115 370 1253 410; x_wconf 87' lang='lat' dir='ltr'>damni</span> <span class='ocrx_word' id='word_1_36' title='bbox 1276 370 1560 423; x_wconf 71' lang='lat' dir='ltr'>compensatio</span> <span class='ocrx_word' id='word_1_37' title='bbox 1582 370 1645 410; x_wconf 87' lang='lat' dir='ltr'>vel</span> 
     </span>
     <span class='ocr_line' id='line_1_5' title="bbox 127 425 1646 481; baseline -0.001 -14"><span class='ocrx_word' id='word_1_38' title='bbox 127 442 262 481; x_wconf 83' lang='lat' dir='ltr'>poena</span> <span class='ocrx_word' id='word_1_39' title='bbox 288 427 464 480; x_wconf 86' lang='lat' dir='ltr'>denique</span> <span class='ocrx_word' id='word_1_40' title='bbox 493 427 582 480; x_wconf 78' lang='lat' dir='ltr'>ipso</span> <span class='ocrx_word' id='word_1_41' title='bbox 599 428 755 480; x_wconf 86' lang='lat' dir='ltr'>judicio</span> <span class='ocrx_word' id='word_1_42' title='bbox 780 443 805 467; x_wconf 85' lang='lat' dir='ltr'>a</span> <span class='ocrx_word' id='word_1_43' title='bbox 827 426 1107 480; x_wconf 67' lang='lat' dir='ltr'>litigatoribus</span> <span class='ocrx_word' id='word_1_44' title='bbox 1131 426 1423 478; x_wconf 66' lang='lat' dir='ltr'>judicibusque</span> <span class='ocrx_word' id='word_1_45' title='bbox 1451 425 1646 466; x_wconf 67' lang='lat' dir='ltr'>aestima-</span> 
     </span>
     <span class='ocr_line' id='line_1_6' title="bbox 127 481 1647 535; baseline -0.002 -12"><span class='ocrx_word' id='word_1_46' title='bbox 127 488 272 529; x_wconf 85' lang='lat' dir='ltr'>rctur;</span> <span class='ocrx_word' id='word_1_47' title='bbox 322 485 512 533; x_wconf 80' lang='grc' dir='ltr'>ἀτίμητος,</span> <span class='ocrx_word' id='word_1_48' title='bbox 551 483 593 522; x_wconf 89' lang='grc'>111</span> <span class='ocrx_word' id='word_1_49' title='bbox 630 498 777 523; x_wconf 72' lang='lat' dir='ltr'>caussa</span> <span class='ocrx_word' id='word_1_50' title='bbox 821 482 1016 535; x_wconf 68' lang='lat' dir='ltr'>simplice,</span> <span class='ocrx_word' id='word_1_51' title='bbox 1055 483 1171 535; x_wconf 86' lang='lat' dir='ltr'>cujus</span> <span class='ocrx_word' id='word_1_52' title='bbox 1211 481 1450 521; x_wconf 74' lang='lat' dir='ltr'>aestimatio</span> <span class='ocrx_word' id='word_1_53' title='bbox 1486 481 1647 533; x_wconf 70' lang='lat' dir='ltr'>legibus</span> 
     </span>
     <span class='ocr_line' id='line_1_7' title="bbox 127 537 1647 592; baseline -0.001 -14"><span class='ocrx_word' id='word_1_54' title='bbox 127 540 241 580; x_wconf 83' lang='lat' dir='ltr'>facta</span> <span class='ocrx_word' id='word_1_55' title='bbox 273 540 363 591; x_wconf 87' lang='lat' dir='ltr'>jam</span> <span class='ocrx_word' id='word_1_56' title='bbox 398 544 501 579; x_wconf 88' lang='lat' dir='ltr'>crat.</span> <span class='ocrx_word' id='word_1_57' title='bbox 564 539 677 579; x_wconf 79' lang='lat' dir='ltr'>Talis</span> <span class='ocrx_word' id='word_1_58' title='bbox 713 539 855 592; x_wconf 79' lang='lat' dir='ltr'>itaque</span> <span class='ocrx_word' id='word_1_59' title='bbox 888 538 954 577; x_wconf 91' lang='lat' dir='ltr'>hic</span> <span class='ocrx_word' id='word_1_60' title='bbox 988 543 1079 578; x_wconf 88' lang='lat' dir='ltr'>erat</span> <span class='ocrx_word' id='word_1_61' title='bbox 1118 537 1277 576; x_wconf 86' lang='lat' dir='ltr'>Midiae</span> <span class='ocrx_word' id='word_1_62' title='bbox 1313 552 1473 576; x_wconf 71' lang='lat' dir='ltr'>caussa.</span> <span class='ocrx_word' id='word_1_63' title='bbox 1536 537 1647 587; x_wconf 72' lang='lat' dir='ltr'>Quid</span> 
     </span>
     <span class='ocr_line' id='line_1_8' title="bbox 128 593 1646 648; baseline -0.002 -14"><span class='ocrx_word' id='word_1_64' title='bbox 128 595 220 643; x_wconf 81' lang='lat' dir='ltr'>sibi,</span> <span class='ocrx_word' id='word_1_65' title='bbox 252 596 285 634; x_wconf 79' lang='lat' dir='ltr'>si</span> <span class='ocrx_word' id='word_1_66' title='bbox 321 596 490 635; x_wconf 81' lang='lat' dir='ltr'>caderet</span> <span class='ocrx_word' id='word_1_67' title='bbox 522 610 583 641; x_wconf 86' lang='grc'>011,</span> <span class='ocrx_word' id='word_1_68' title='bbox 616 595 879 648; x_wconf 59' lang='lat' dir='ltr'>pendendum</span> <span class='ocrx_word' id='word_1_69' title='bbox 913 599 1034 636; x_wconf 85' lang='grc'>08801.</span> <span class='ocrx_word' id='word_1_70' title='bbox 1067 594 1155 645; x_wconf 86' lang='lat' dir='ltr'>jam</span> <span class='ocrx_word' id='word_1_71' title='bbox 1192 598 1365 632; x_wconf 77' lang='lat' dir='ltr'>noverat</span> <span class='ocrx_word' id='word_1_72' title='bbox 1398 593 1475 639; x_wconf 88' lang='grc'>1110,</span> <span class='ocrx_word' id='word_1_73' title='bbox 1512 607 1646 645; x_wconf 89' lang='lat' dir='ltr'>neque</span> 
     </span>
     <span class='ocr_line' id='line_1_9' title="bbox 129 648 1644 704; baseline -0.001 -15"><span class='ocrx_word' id='word_1_74' title='bbox 129 651 353 704; x_wconf 76' lang='lat' dir='ltr'>quicquam</span> <span class='ocrx_word' id='word_1_75' title='bbox 392 651 429 691; x_wconf 84' lang='grc'>01</span> <span class='ocrx_word' id='word_1_76' title='bbox 471 652 521 690; x_wconf 88' lang='grc'>(10</span> <span class='ocrx_word' id='word_1_77' title='bbox 562 651 785 704; x_wconf 79' lang='lat' dir='ltr'>iniquitate</span> <span class='ocrx_word' id='word_1_78' title='bbox 821 649 965 703; x_wconf 84' lang='lat' dir='ltr'>judicii</span> <span class='ocrx_word' id='word_1_79' title='bbox 1010 649 1278 688; x_wconf 76' lang='lat' dir='ltr'>metuendum</span> <span class='ocrx_word' id='word_1_80' title='bbox 1321 652 1413 687; x_wconf 81' lang='lat' dir='ltr'>crat</span> <span class='ocrx_word' id='word_1_81' title='bbox 1453 648 1644 701; x_wconf 82' lang='lat' dir='ltr'>amplius.</span> 
     </span>
     <span class='ocr_line' id='line_1_10' title="bbox 130 704 1647 760; baseline -0.003 -14"><span class='ocrx_word' id='word_1_82' title='bbox 130 708 284 747; x_wconf 84' lang='lat' dir='ltr'>Decem</span> <span class='ocrx_word' id='word_1_83' title='bbox 313 707 448 747; x_wconf 87' lang='lat' dir='ltr'>minae</span> <span class='ocrx_word' id='word_1_84' title='bbox 478 707 676 760; x_wconf 63' lang='lat' dir='ltr'>opulento</span> <span class='ocrx_word' id='word_1_85' title='bbox 708 706 864 745; x_wconf 91' lang='lat' dir='ltr'>homini</span> <span class='ocrx_word' id='word_1_86' title='bbox 894 705 1115 744; x_wconf 81' lang='lat' dir='ltr'>solvendae</span> <span class='ocrx_word' id='word_1_87' title='bbox 1142 709 1289 744; x_wconf 84' lang='lat' dir='ltr'>erant:</span> <span class='ocrx_word' id='word_1_88' title='bbox 1324 708 1367 743; x_wconf 85' lang='lat' dir='ltr'>et</span> <span class='ocrx_word' id='word_1_89' title='bbox 1397 704 1485 742; x_wconf 82' lang='lat' dir='ltr'>fieri</span> <span class='ocrx_word' id='word_1_90' title='bbox 1519 704 1647 743; x_wconf 90' lang='lat' dir='ltr'>etiam</span> 
     </span>
     <span class='ocr_line' id='line_1_11' title="bbox 128 759 1645 817; baseline -0.001 -16"><span class='ocrx_word' id='word_1_91' title='bbox 128 769 298 817; x_wconf 80' lang='lat' dir='ltr'>poterat</span> <span class='ocrx_word' id='word_1_92' title='bbox 334 773 392 808; x_wconf 87' lang='grc'>111,</span> <span class='ocrx_word' id='word_1_93' title='bbox 430 763 463 802; x_wconf 88' lang='grc'>81</span> <span class='ocrx_word' id='word_1_94' title='bbox 504 763 744 802; x_wconf 83' lang='lat' dir='ltr'>succederet</span> <span class='ocrx_word' id='word_1_95' title='bbox 780 762 827 807; x_wconf 87' lang='grc'>01,</span> <span class='ocrx_word' id='word_1_96' title='bbox 866 775 1036 814; x_wconf 84' lang='lat' dir='ltr'>prorsus</span> <span class='ocrx_word' id='word_1_97' title='bbox 1077 760 1375 800; x_wconf 75' lang='lat' dir='ltr'>absolveretur.</span> <span class='ocrx_word' id='word_1_98' title='bbox 1418 759 1645 799; x_wconf 78' lang='lat' dir='ltr'><strong>BUTTM.</strong></span> 
     </span>
     <span class='ocr_line' id='line_1_12' title="bbox 130 816 1648 874; baseline -0.004 -15"><span class='ocrx_word' id='word_1_99' title='bbox 130 819 482 874; x_wconf 66' lang='lat' dir='ltr'>Harpoerationis</span> <span class='ocrx_word' id='word_1_100' title='bbox 511 817 777 872; x_wconf 77' lang='lat' dir='ltr'>explicationi</span> <span class='ocrx_word' id='word_1_101' title='bbox 807 817 1109 870; x_wconf 77' lang='lat' dir='ltr'>adjectivorum</span> <span class='ocrx_word' id='word_1_102' title='bbox 1138 817 1318 865; x_wconf 83' lang='grc' dir='ltr'>ἀτίμητος</span> <span class='ocrx_word' id='word_1_103' title='bbox 1345 820 1388 855; x_wconf 86' lang='grc'>01</span> <span class='ocrx_word' id='word_1_104' title='bbox 1416 817 1568 865; x_wconf 85' lang='grc' dir='ltr'>τιμητός</span> <span class='ocrx_word' id='word_1_105' title='bbox 1597 816 1648 855; x_wconf 89' lang='lat' dir='ltr'>de</span> 
     </span>
     <span class='ocr_line' id='line_1_13' title="bbox 128 872 1648 928; baseline -0.003 -14"><span class='ocrx_word' id='word_1_106' title='bbox 128 875 201 915; x_wconf 84' lang='lat' dir='ltr'>lite</span> <span class='ocrx_word' id='word_1_107' title='bbox 235 880 531 928; x_wconf 69' lang='lat' dir='ltr'>usurpatorum</span> <span class='ocrx_word' id='word_1_108' title='bbox 568 875 628 914; x_wconf 91' lang='lat' dir='ltr'>ita</span> <span class='ocrx_word' id='word_1_109' title='bbox 663 874 941 914; x_wconf 83' lang='lat' dir='ltr'>adversantur</span> <span class='ocrx_word' id='word_1_110' title='bbox 974 872 1136 911; x_wconf 84' lang='lat' dir='ltr'>Anecd.</span> <span class='ocrx_word' id='word_1_111' title='bbox 1171 872 1302 911; x_wconf 65' lang='grc'>1301111.</span> <span class='ocrx_word' id='word_1_112' title='bbox 1336 886 1376 924; x_wconf 87' lang='lat' dir='ltr'>p.</span> <span class='ocrx_word' id='word_1_113' title='bbox 1409 884 1502 919; x_wconf 77' lang='lat'>202,</span> <span class='ocrx_word' id='word_1_114' title='bbox 1534 883 1570 921; x_wconf 91' lang='lat'>7.</span> <span class='ocrx_word' id='word_1_115' title='bbox 1604 876 1648 911; x_wconf 90' lang='lat' dir='ltr'>et</span> 
     </span>
     <span class='ocr_line' id='line_1_14' title="bbox 129 927 1649 984; baseline -0.003 -14"><span class='ocrx_word' id='word_1_116' title='bbox 129 946 168 984; x_wconf 89' lang='lat' dir='ltr'>p.</span> <span class='ocrx_word' id='word_1_117' title='bbox 198 945 294 983; x_wconf 79' lang='grc'>459,</span> <span class='ocrx_word' id='word_1_118' title='bbox 326 933 402 979; x_wconf 79' lang='grc'>26.,</span> <span class='ocrx_word' id='word_1_119' title='bbox 430 936 476 970; x_wconf 85' lang='grc'>111</span> <span class='ocrx_word' id='word_1_120' title='bbox 509 945 679 984; x_wconf 81' lang='lat' dir='ltr'>prorsus</span> <span class='ocrx_word' id='word_1_121' title='bbox 712 929 967 969; x_wconf 85' lang='lat' dir='ltr'>contrarium</span> <span class='ocrx_word' id='word_1_122' title='bbox 1000 928 1192 968; x_wconf 78' lang='lat' dir='ltr'>doceant.</span> <span class='ocrx_word' id='word_1_123' title='bbox 1225 927 1476 968; x_wconf 74' lang='lat' dir='ltr'><strong>SCHAEF.</strong></span> <span class='ocrx_word' id='word_1_124' title='bbox 1539 927 1649 967; x_wconf 87' lang='lat' dir='ltr'>Har-</span> 
     </span>
     <span class='ocr_line' id='line_1_15' title="bbox 129 983 1648 1041; baseline -0.002 -15"><span class='ocrx_word' id='word_1_125' title='bbox 129 987 382 1041; x_wconf 84' lang='lat' dir='ltr'>pocrationis</span> <span class='ocrx_word' id='word_1_126' title='bbox 405 986 722 1040; x_wconf 75' lang='lat' dir='ltr'>explicationem</span> <span class='ocrx_word' id='word_1_127' title='bbox 745 990 892 1025; x_wconf 87' lang='lat' dir='ltr'>contra</span> <span class='ocrx_word' id='word_1_128' title='bbox 912 985 989 1024; x_wconf 85' lang='lat' dir='ltr'>hos</span> <span class='ocrx_word' id='word_1_129' title='bbox 1010 984 1194 1037; x_wconf 84' lang='lat' dir='ltr'>aliosque</span> <span class='ocrx_word' id='word_1_130' title='bbox 1214 983 1513 1037; x_wconf 80' lang='lat' dir='ltr'>grammaticos</span> <span class='ocrx_word' id='word_1_131' title='bbox 1534 988 1648 1023; x_wconf 83' lang='lat' dir='ltr'>recte</span> 
     </span>
     <span class='ocr_line' id='line_1_16' title="bbox 129 1040 1405 1093; baseline -0.002 -12"><span class='ocrx_word' id='word_1_132' title='bbox 129 1043 405 1082; x_wconf 81' lang='lat' dir='ltr'>defenderunt</span> <span class='ocrx_word' id='word_1_133' title='bbox 429 1043 575 1082; x_wconf 82' lang='lat' dir='ltr'>Meier.</span> <span class='ocrx_word' id='word_1_134' title='bbox 601 1048 642 1082; x_wconf 83' lang='lat' dir='ltr'>et</span> <span class='ocrx_word' id='word_1_135' title='bbox 667 1042 941 1082; x_wconf 75' lang='lat' dir='ltr'>Schoemann.</span> <span class='ocrx_word' id='word_1_136' title='bbox 966 1041 1018 1080; x_wconf 89' lang='lat' dir='ltr'>de</span> <span class='ocrx_word' id='word_1_137' title='bbox 1039 1041 1111 1080; x_wconf 86' lang='lat' dir='ltr'>lite</span> <span class='ocrx_word' id='word_1_138' title='bbox 1133 1040 1229 1079; x_wconf 79' lang='lat' dir='ltr'>Att.</span> <span class='ocrx_word' id='word_1_139' title='bbox 1253 1055 1291 1093; x_wconf 80' lang='lat' dir='ltr'><strong>p.</strong></span> <span class='ocrx_word' id='word_1_140' title='bbox 1317 1052 1405 1090; x_wconf 83' lang='lat'><strong>172.</strong></span> 
     </span>
    </p>

    <p class='ocr_par' dir='ltr' id='par_1_3' title="bbox 127 1095 1652 1990">
     <span class='ocr_line' id='line_1_17' title="bbox 171 1095 1650 1152; baseline -0.003 -14"><span class='ocrx_word' id='word_1_141' title='bbox 171 1111 267 1152; x_wconf 74' lang='grc'>543,</span> <span class='ocrx_word' id='word_1_142' title='bbox 286 1112 347 1151; x_wconf 90' lang='grc'>17.</span> <span class='ocrx_word' id='word_1_143' title='bbox 365 1099 456 1138; x_wconf 84' lang='grc' dir='ltr'>δέκα</span> <span class='ocrx_word' id='word_1_144' title='bbox 473 1099 593 1152; x_wconf 83' lang='grc' dir='ltr'>μνῶν]</span> <span class='ocrx_word' id='word_1_145' title='bbox 611 1100 842 1150; x_wconf 81' lang='grc' dir='ltr'>κακηγορίας</span> <span class='ocrx_word' id='word_1_146' title='bbox 857 1097 1056 1136; x_wconf 88' lang='lat' dir='ltr'>mulctam</span> <span class='ocrx_word' id='word_1_147' title='bbox 1072 1111 1198 1149; x_wconf 82' lang='lat' dir='ltr'>quum</span> <span class='ocrx_word' id='word_1_148' title='bbox 1213 1110 1294 1135; x_wconf 89' lang='lat' dir='ltr'>non</span> <span class='ocrx_word' id='word_1_149' title='bbox 1309 1095 1432 1143; x_wconf 75' lang='lat' dir='ltr'>mille,</span> <span class='ocrx_word' id='word_1_150' title='bbox 1447 1096 1519 1135; x_wconf 89' lang='lat' dir='ltr'>sed</span> <span class='ocrx_word' id='word_1_151' title='bbox 1533 1095 1650 1149; x_wconf 85' lang='lat' dir='ltr'>quin-</span> 
     </span>
     <span class='ocr_line' id='line_1_18' title="bbox 127 1153 1650 1208; baseline -0.001 -14"><span class='ocrx_word' id='word_1_152' title='bbox 127 1160 351 1208; x_wconf 84' lang='lat' dir='ltr'>gentarum</span> <span class='ocrx_word' id='word_1_153' title='bbox 379 1160 546 1194; x_wconf 88' lang='lat' dir='ltr'>tantum</span> <span class='ocrx_word' id='word_1_154' title='bbox 573 1155 867 1194; x_wconf 76' lang='lat' dir='ltr'>drachmarum</span> <span class='ocrx_word' id='word_1_155' title='bbox 893 1153 1018 1192; x_wconf 82' lang='lat' dir='ltr'>fuisse</span> <span class='ocrx_word' id='word_1_156' title='bbox 1051 1167 1101 1192; x_wconf 84' lang='lat' dir='ltr'>ex</span> <span class='ocrx_word' id='word_1_157' title='bbox 1132 1153 1316 1191; x_wconf 85' lang='lat' dir='ltr'>Isocrate</span> <span class='ocrx_word' id='word_1_158' title='bbox 1342 1167 1382 1204; x_wconf 83' lang='lat' dir='ltr'><strong>p.</strong></span> <span class='ocrx_word' id='word_1_159' title='bbox 1411 1154 1492 1204; x_wconf 76' lang='lat'>396</span> <span class='ocrx_word' id='word_1_160' title='bbox 1521 1153 1575 1190; x_wconf 75' lang='lat' dir='ltr'><strong>A.</strong></span> <span class='ocrx_word' id='word_1_161' title='bbox 1605 1156 1650 1192; x_wconf 84' lang='lat' dir='ltr'>et</span> 
     </span>
     <span class='ocr_line' id='line_1_19' title="bbox 132 1208 1651 1264; baseline -0.002 -14"><span class='ocrx_word' id='word_1_162' title='bbox 132 1211 257 1264; x_wconf 71' lang='lat' dir='ltr'>Lysia</span> <span class='ocrx_word' id='word_1_163' title='bbox 286 1226 324 1264; x_wconf 87' lang='lat' dir='ltr'><strong>p.</strong></span> <span class='ocrx_word' id='word_1_164' title='bbox 351 1225 357 1249; x_wconf 90' lang='grc'>1</span> <span class='ocrx_word' id='word_1_165' title='bbox 376 1224 437 1263; x_wconf 89' lang='grc'>17,</span> <span class='ocrx_word' id='word_1_166' title='bbox 462 1214 524 1250; x_wconf 88' lang='grc'>18.</span> <span class='ocrx_word' id='word_1_167' title='bbox 546 1215 723 1257; x_wconf 78' lang='lat' dir='ltr'>constet,</span> <span class='ocrx_word' id='word_1_168' title='bbox 745 1209 855 1249; x_wconf 89' lang='lat' dir='ltr'>mille</span> <span class='ocrx_word' id='word_1_169' title='bbox 878 1224 981 1262; x_wconf 80' lang='lat' dir='ltr'>quas</span> <span class='ocrx_word' id='word_1_170' title='bbox 1003 1209 1080 1247; x_wconf 89' lang='lat' dir='ltr'>hoc</span> <span class='ocrx_word' id='word_1_171' title='bbox 1106 1209 1195 1248; x_wconf 89' lang='lat' dir='ltr'>loco</span> <span class='ocrx_word' id='word_1_172' title='bbox 1221 1208 1321 1247; x_wconf 88' lang='lat' dir='ltr'>dicit</span> <span class='ocrx_word' id='word_1_173' title='bbox 1344 1208 1651 1248; x_wconf 77' lang='lat' dir='ltr'>Demosthenes</span> 
     </span>
     <span class='ocr_line' id='line_1_20' title="bbox 128 1264 1650 1320; baseline -0.001 -14"><span class='ocrx_word' id='word_1_174' title='bbox 128 1267 183 1307; x_wconf 87' lang='lat' dir='ltr'>ad</span> <span class='ocrx_word' id='word_1_175' title='bbox 212 1267 416 1320; x_wconf 78' lang='lat' dir='ltr'>duplicem</span> <span class='ocrx_word' id='word_1_176' title='bbox 445 1282 571 1320; x_wconf 83' lang='lat' dir='ltr'>quam</span> <span class='ocrx_word' id='word_1_177' title='bbox 600 1266 759 1306; x_wconf 82' lang='lat' dir='ltr'>Midiae</span> <span class='ocrx_word' id='word_1_178' title='bbox 787 1265 1014 1305; x_wconf 86' lang='lat' dir='ltr'>intenderit</span> <span class='ocrx_word' id='word_1_179' title='bbox 1039 1265 1258 1311; x_wconf 69' lang='lat' dir='ltr'>actionem,</span> <span class='ocrx_word' id='word_1_180' title='bbox 1281 1264 1460 1303; x_wconf 87' lang='lat' dir='ltr'>alteram</span> <span class='ocrx_word' id='word_1_181' title='bbox 1487 1278 1562 1317; x_wconf 86' lang='lat' dir='ltr'>pro</span> <span class='ocrx_word' id='word_1_182' title='bbox 1590 1278 1650 1312; x_wconf 86' lang='lat' dir='ltr'>se,</span> 
     </span>
     <span class='ocr_line' id='line_1_21' title="bbox 129 1320 1651 1376; baseline -0.002 -13"><span class='ocrx_word' id='word_1_183' title='bbox 129 1323 307 1363; x_wconf 88' lang='lat' dir='ltr'>alteram</span> <span class='ocrx_word' id='word_1_184' title='bbox 340 1338 415 1376; x_wconf 88' lang='lat' dir='ltr'>pro</span> <span class='ocrx_word' id='word_1_185' title='bbox 448 1328 583 1363; x_wconf 82' lang='lat' dir='ltr'>matre</span> <span class='ocrx_word' id='word_1_186' title='bbox 617 1328 659 1363; x_wconf 88' lang='lat' dir='ltr'>et</span> <span class='ocrx_word' id='word_1_187' title='bbox 692 1337 767 1376; x_wconf 86' lang='lat' dir='ltr'>pro</span> <span class='ocrx_word' id='word_1_188' title='bbox 804 1336 956 1368; x_wconf 67' lang='lat' dir='ltr'>sorore,</span> <span class='ocrx_word' id='word_1_189' title='bbox 992 1321 1178 1360; x_wconf 85' lang='lat' dir='ltr'>referunt</span> <span class='ocrx_word' id='word_1_190' title='bbox 1210 1320 1562 1359; x_wconf 79' lang='lat' dir='ltr'>Hudtwalckcrus</span> <span class='ocrx_word' id='word_1_191' title='bbox 1598 1320 1651 1360; x_wconf 92' lang='lat' dir='ltr'>de</span> 
     </span>
     <span class='ocr_line' id='line_1_22' title="bbox 131 1375 1651 1433; baseline -0.002 -15"><span class='ocrx_word' id='word_1_192' title='bbox 131 1379 256 1420; x_wconf 89' lang='lat' dir='ltr'>diaet.</span> <span class='ocrx_word' id='word_1_193' title='bbox 280 1395 319 1433; x_wconf 81' lang='lat' dir='ltr'><strong>p.</strong></span> <span class='ocrx_word' id='word_1_194' title='bbox 345 1393 434 1432; x_wconf 84' lang='lat'><strong>150.</strong></span> <span class='ocrx_word' id='word_1_195' title='bbox 457 1384 498 1419; x_wconf 89' lang='grc'>01</span> <span class='ocrx_word' id='word_1_196' title='bbox 526 1379 712 1418; x_wconf 83' lang='lat' dir='ltr'>Meierus</span> <span class='ocrx_word' id='word_1_197' title='bbox 740 1379 791 1417; x_wconf 86' lang='lat' dir='ltr'>de</span> <span class='ocrx_word' id='word_1_198' title='bbox 818 1378 891 1418; x_wconf 89' lang='lat' dir='ltr'>lite</span> <span class='ocrx_word' id='word_1_199' title='bbox 916 1378 1008 1417; x_wconf 80' lang='lat' dir='ltr'>Att.</span> <span class='ocrx_word' id='word_1_200' title='bbox 1032 1392 1071 1430; x_wconf 88' lang='lat' dir='ltr'><strong>p.</strong></span> <span class='ocrx_word' id='word_1_201' title='bbox 1093 1378 1190 1427; x_wconf 81' lang='lat'><strong>482.</strong></span> <span class='ocrx_word' id='word_1_202' title='bbox 1251 1377 1293 1415; x_wconf 73' lang='lat' dir='ltr'><strong>A</strong></span> <span class='ocrx_word' id='word_1_203' title='bbox 1317 1375 1466 1429; x_wconf 85' lang='lat' dir='ltr'>quibus</span> <span class='ocrx_word' id='word_1_204' title='bbox 1495 1375 1651 1416; x_wconf 83' lang='lat' dir='ltr'>dissen-</span> 
     </span>
     <span class='ocr_line' id='line_1_23' title="bbox 130 1433 1649 1486; baseline -0.003 -11"><span class='ocrx_word' id='word_1_205' title='bbox 130 1435 238 1475; x_wconf 87' lang='lat' dir='ltr'>tiens</span> <span class='ocrx_word' id='word_1_206' title='bbox 263 1435 616 1475; x_wconf 54' lang='lat' dir='ltr'>XVestermannus</span> <span class='ocrx_word' id='word_1_207' title='bbox 638 1435 679 1474; x_wconf 88' lang='lat' dir='ltr'>in</span> <span class='ocrx_word' id='word_1_208' title='bbox 700 1434 945 1486; x_wconf 69' lang='lat' dir='ltr'>Zeitsclcr.f.</span> <span class='ocrx_word' id='word_1_209' title='bbox 967 1434 1006 1473; x_wconf 75' lang='lat' dir='ltr'>d.</span> <span class='ocrx_word' id='word_1_210' title='bbox 1023 1433 1316 1472; x_wconf 69' lang='lat' dir='ltr'>Altertleumsw.</span> <span class='ocrx_word' id='word_1_211' title='bbox 1342 1433 1457 1483; x_wconf 80' lang='grc'>1845.</span> <span class='ocrx_word' id='word_1_212' title='bbox 1480 1446 1520 1484; x_wconf 88' lang='lat' dir='ltr'>p.</span> <span class='ocrx_word' id='word_1_213' title='bbox 1540 1433 1649 1483; x_wconf 63' lang='lat'><strong>687..</strong></span> 
     </span>
     <span class='ocr_line' id='line_1_24' title="bbox 131 1488 1650 1545; baseline -0.003 -14"><span class='ocrx_word' id='word_1_214' title='bbox 131 1491 335 1545; x_wconf 86' lang='lat' dir='ltr'>duplicem</span> <span class='ocrx_word' id='word_1_215' title='bbox 356 1491 551 1545; x_wconf 78' lang='lat' dir='ltr'>intelligit</span> <span class='ocrx_word' id='word_1_216' title='bbox 574 1493 681 1541; x_wconf 85' lang='grc' dir='ltr'>δίκην</span> <span class='ocrx_word' id='word_1_217' title='bbox 704 1492 946 1542; x_wconf 75' lang='grc' dir='ltr'>κακηγορίας,</span> <span class='ocrx_word' id='word_1_218' title='bbox 969 1489 1145 1529; x_wconf 86' lang='lat' dir='ltr'>alteram</span> <span class='ocrx_word' id='word_1_219' title='bbox 1167 1493 1313 1528; x_wconf 86' lang='lat' dir='ltr'>contra</span> <span class='ocrx_word' id='word_1_220' title='bbox 1337 1488 1526 1535; x_wconf 75' lang='lat' dir='ltr'>Micliam,</span> <span class='ocrx_word' id='word_1_221' title='bbox 1548 1488 1650 1527; x_wconf 86' lang='lat' dir='ltr'>altc-</span> 
     </span>
     <span class='ocr_line' id='line_1_25' title="bbox 130 1544 1651 1601; baseline -0.001 -15"><span class='ocrx_word' id='word_1_222' title='bbox 130 1562 220 1587; x_wconf 85' lang='lat' dir='ltr'>ram</span> <span class='ocrx_word' id='word_1_223' title='bbox 236 1553 383 1588; x_wconf 83' lang='lat' dir='ltr'>contra</span> <span class='ocrx_word' id='word_1_224' title='bbox 398 1548 572 1587; x_wconf 80' lang='lat' dir='ltr'>fratrem</span> <span class='ocrx_word' id='word_1_225' title='bbox 594 1548 681 1601; x_wconf 82' lang='lat' dir='ltr'>ejus</span> <span class='ocrx_word' id='word_1_226' title='bbox 701 1546 1040 1599; x_wconf 67' lang='grc' dir='ltr'>ΓΓ111’118)’1001111111,</span> <span class='ocrx_word' id='word_1_227' title='bbox 1059 1559 1134 1599; x_wconf 84' lang='lat' dir='ltr'>pro</span> <span class='ocrx_word' id='word_1_228' title='bbox 1152 1559 1233 1598; x_wconf 86' lang='lat' dir='ltr'>quo</span> <span class='ocrx_word' id='word_1_229' title='bbox 1254 1544 1410 1584; x_wconf 89' lang='lat' dir='ltr'>mulcta</span> <span class='ocrx_word' id='word_1_230' title='bbox 1431 1544 1651 1597; x_wconf 77' lang='lat' dir='ltr'>pendenda,</span> 
     </span>
     <span class='ocr_line' id='line_1_26' title="bbox 130 1600 1652 1655; baseline -0.003 -11"><span class='ocrx_word' id='word_1_231' title='bbox 130 1605 184 1644; x_wconf 88' lang='lat' dir='ltr'>ab</span> <span class='ocrx_word' id='word_1_232' title='bbox 209 1604 343 1644; x_wconf 88' lang='lat' dir='ltr'>Midia</span> <span class='ocrx_word' id='word_1_233' title='bbox 364 1604 501 1644; x_wconf 86' lang='lat' dir='ltr'>fuerit.</span> <span class='ocrx_word' id='word_1_234' title='bbox 549 1604 670 1655; x_wconf 70' lang='lat' dir='ltr'>Quod</span> <span class='ocrx_word' id='word_1_235' title='bbox 692 1602 904 1642; x_wconf 86' lang='lat' dir='ltr'>Heraldus</span> <span class='ocrx_word' id='word_1_236' title='bbox 928 1601 1171 1655; x_wconf 87' lang='lat' dir='ltr'>(Animadv.</span> <span class='ocrx_word' id='word_1_237' title='bbox 1198 1614 1233 1649; x_wconf 78' lang='grc'>2,</span> <span class='ocrx_word' id='word_1_238' title='bbox 1262 1602 1339 1653; x_wconf 75' lang='lat'><strong>13.)</strong></span> <span class='ocrx_word' id='word_1_239' title='bbox 1364 1600 1414 1639; x_wconf 87' lang='lat' dir='ltr'>de</span> <span class='ocrx_word' id='word_1_240' title='bbox 1437 1600 1652 1653; x_wconf 75' lang='lat' dir='ltr'>duplicata,</span> 
     </span>
     <span class='ocr_line' id='line_1_27' title="bbox 130 1656 1652 1714; baseline -0.003 -14"><span class='ocrx_word' id='word_1_241' title='bbox 130 1665 303 1714; x_wconf 85' lang='lat' dir='ltr'>propter</span> <span class='ocrx_word' id='word_1_242' title='bbox 331 1662 490 1710; x_wconf 76' lang='grc' dir='ltr'>ἐξούλης</span> <span class='ocrx_word' id='word_1_243' title='bbox 518 1661 625 1710; x_wconf 83' lang='grc' dir='ltr'>δίκην</span> <span class='ocrx_word' id='word_1_244' title='bbox 646 1659 803 1699; x_wconf 88' lang='grc'>1111110111</span> <span class='ocrx_word' id='word_1_245' title='bbox 832 1658 1032 1713; x_wconf 78' lang='lat' dir='ltr'>cogitavit</span> <span class='ocrx_word' id='word_1_246' title='bbox 1060 1658 1240 1697; x_wconf 89' lang='lat' dir='ltr'>alienum</span> <span class='ocrx_word' id='word_1_247' title='bbox 1261 1658 1313 1696; x_wconf 87' lang='lat' dir='ltr'>ab</span> <span class='ocrx_word' id='word_1_248' title='bbox 1339 1657 1416 1696; x_wconf 89' lang='lat' dir='ltr'>hoc</span> <span class='ocrx_word' id='word_1_249' title='bbox 1443 1656 1532 1695; x_wconf 90' lang='lat' dir='ltr'>loco</span> <span class='ocrx_word' id='word_1_250' title='bbox 1561 1671 1652 1696; x_wconf 85' lang='lat' dir='ltr'>esse</span> 
     </span>
     <span class='ocr_line' id='line_1_28' title="bbox 131 1712 1649 1770; baseline -0.003 -14"><span class='ocrx_word' id='word_1_251' title='bbox 131 1722 244 1757; x_wconf 87' lang='lat' dir='ltr'>recte</span> <span class='ocrx_word' id='word_1_252' title='bbox 268 1716 472 1770; x_wconf 84' lang='lat' dir='ltr'>judicavit</span> <span class='ocrx_word' id='word_1_253' title='bbox 501 1717 545 1757; x_wconf 81' lang='lat' dir='ltr'><strong>O.</strong></span> <span class='ocrx_word' id='word_1_254' title='bbox 570 1717 620 1756; x_wconf 87' lang='lat' dir='ltr'>F.</span> <span class='ocrx_word' id='word_1_255' title='bbox 645 1716 913 1755; x_wconf 83' lang='lat' dir='ltr'>Hermannus</span> <span class='ocrx_word' id='word_1_256' title='bbox 936 1715 977 1753; x_wconf 91' lang='lat' dir='ltr'>in</span> <span class='ocrx_word' id='word_1_257' title='bbox 1004 1714 1209 1767; x_wconf 64' lang='lat' dir='ltr'>Symbolis</span> <span class='ocrx_word' id='word_1_258' title='bbox 1232 1714 1282 1752; x_wconf 85' lang='lat' dir='ltr'>de</span> <span class='ocrx_word' id='word_1_259' title='bbox 1303 1713 1424 1766; x_wconf 87' lang='lat' dir='ltr'>injur.</span> <span class='ocrx_word' id='word_1_260' title='bbox 1448 1712 1649 1752; x_wconf 88' lang='lat' dir='ltr'>actionib.</span> 
     </span>
     <span class='ocr_line' id='line_1_29' title="bbox 132 1768 1651 1826; baseline -0.003 -14"><span class='ocrx_word' id='word_1_261' title='bbox 132 1788 172 1826; x_wconf 88' lang='lat' dir='ltr'>p.</span> <span class='ocrx_word' id='word_1_262' title='bbox 193 1786 232 1826; x_wconf 96' lang='grc'>5.</span> <span class='ocrx_word' id='word_1_263' title='bbox 295 1773 405 1813; x_wconf 81' lang='lat' dir='ltr'>Nam</span> <span class='ocrx_word' id='word_1_264' title='bbox 426 1773 503 1813; x_wconf 89' lang='lat' dir='ltr'>hoc</span> <span class='ocrx_word' id='word_1_265' title='bbox 524 1773 613 1812; x_wconf 87' lang='lat' dir='ltr'>loco</span> <span class='ocrx_word' id='word_1_266' title='bbox 634 1773 733 1811; x_wconf 89' lang='lat' dir='ltr'>illud</span> <span class='ocrx_word' id='word_1_267' title='bbox 755 1772 878 1811; x_wconf 87' lang='lat' dir='ltr'>modo</span> <span class='ocrx_word' id='word_1_268' title='bbox 900 1771 1109 1811; x_wconf 87' lang='lat' dir='ltr'>indicatur</span> <span class='ocrx_word' id='word_1_269' title='bbox 1131 1769 1277 1823; x_wconf 86' lang='lat' dir='ltr'>quanti</span> <span class='ocrx_word' id='word_1_270' title='bbox 1302 1769 1447 1809; x_wconf 80' lang='lat' dir='ltr'>Strato</span> <span class='ocrx_word' id='word_1_271' title='bbox 1473 1768 1651 1808; x_wconf 82' lang='lat' dir='ltr'>Midiam</span> 
     </span>
     <span class='ocr_line' id='line_1_30' title="bbox 133 1825 1648 1880; baseline -0.003 -11"><span class='ocrx_word' id='word_1_272' title='bbox 133 1829 407 1875; x_wconf 75' lang='lat' dir='ltr'>damnaverit.</span> <span class='ocrx_word' id='word_1_273' title='bbox 430 1843 505 1869; x_wconf 85' lang='grc'>1100</span> <span class='ocrx_word' id='word_1_274' title='bbox 532 1829 661 1869; x_wconf 76' lang='lat' dir='ltr'>verba</span> <span class='ocrx_word' id='word_1_275' title='bbox 684 1828 833 1878; x_wconf 81' lang='grc' dir='ltr'>συνέβη</span> <span class='ocrx_word' id='word_1_276' title='bbox 859 1827 890 1867; x_wconf 48' lang='grc' dir='ltr'>ὃἢ</span> <span class='ocrx_word' id='word_1_277' title='bbox 911 1827 1133 1880; x_wconf 82' lang='grc' dir='ltr'>ὑπερημέρῳ</span> <span class='ocrx_word' id='word_1_278' title='bbox 1155 1825 1341 1877; x_wconf 81' lang='grc' dir='ltr'>γενέσθαι</span> <span class='ocrx_word' id='word_1_279' title='bbox 1366 1825 1407 1864; x_wconf 91' lang='grc'>111</span> <span class='ocrx_word' id='word_1_280' title='bbox 1435 1839 1529 1864; x_wconf 84' lang='grc'>011111</span> <span class='ocrx_word' id='word_1_281' title='bbox 1557 1839 1648 1864; x_wconf 89' lang='lat' dir='ltr'>sen-</span> 
     </span>
     <span class='ocr_line' id='line_1_31' title="bbox 132 1880 1651 1937; baseline -0.003 -12"><span class='ocrx_word' id='word_1_282' title='bbox 132 1885 313 1925; x_wconf 83' lang='lat' dir='ltr'>tentiam</span> <span class='ocrx_word' id='word_1_283' title='bbox 351 1885 552 1925; x_wconf 86' lang='lat' dir='ltr'>adhibere</span> <span class='ocrx_word' id='word_1_284' title='bbox 587 1885 698 1933; x_wconf 76' lang='lat' dir='ltr'>licet,</span> <span class='ocrx_word' id='word_1_285' title='bbox 736 1898 842 1937; x_wconf 86' lang='lat' dir='ltr'>quae</span> <span class='ocrx_word' id='word_1_286' title='bbox 878 1888 1082 1936; x_wconf 86' lang='lat' dir='ltr'>tanquam</span> <span class='ocrx_word' id='word_1_287' title='bbox 1120 1886 1395 1936; x_wconf 86' lang='lat' dir='ltr'>praepostera</span> <span class='ocrx_word' id='word_1_288' title='bbox 1431 1880 1519 1934; x_wconf 88' lang='lat' dir='ltr'>ipse</span> <span class='ocrx_word' id='word_1_289' title='bbox 1553 1895 1651 1921; x_wconf 83' lang='lat' dir='ltr'>mox</span> 
     </span>
     <span class='ocr_line' id='line_1_32' title="bbox 134 1941 935 1990; baseline -0.004 -9"><span class='ocrx_word' id='word_1_290' title='bbox 134 1946 278 1982; x_wconf 89' lang='lat' dir='ltr'>orator</span> <span class='ocrx_word' id='word_1_291' title='bbox 298 1946 521 1989; x_wconf 78' lang='lat' dir='ltr'>retractat,</span> <span class='ocrx_word' id='word_1_292' title='bbox 543 1943 651 1981; x_wconf 80' lang='grc' dir='ltr'>ἀλλὰ</span> <span class='ocrx_word' id='word_1_293' title='bbox 671 1941 781 1990; x_wconf 87' lang='grc' dir='ltr'>μήπω</span> <span class='ocrx_word' id='word_1_294' title='bbox 803 1943 935 1979; x_wconf 84' lang='grc' dir='ltr'>ταῦτα.</span> 
     </span>
    </p>

    <p class='ocr_par' dir='ltr' id='par_1_4' title="bbox 132 1995 1652 2163">
     <span class='ocr_line' id='line_1_33' title="bbox 188 1995 1652 2051; baseline -0.004 -13"><span class='ocrx_word' id='word_1_295' title='bbox 188 2011 286 2051; x_wconf 75' lang='grc'>543,</span> <span class='ocrx_word' id='word_1_296' title='bbox 312 2011 375 2048; x_wconf 80' lang='lat'><strong>27.</strong></span> <span class='ocrx_word' id='word_1_297' title='bbox 400 1997 546 2037; x_wconf 82' lang='grc' dir='ltr'>οὐδέπω</span> <span class='ocrx_word' id='word_1_298' title='bbox 573 1998 634 2037; x_wconf 81' lang='grc' dir='ltr'>καὶ</span> <span class='ocrx_word' id='word_1_299' title='bbox 659 1995 844 2050; x_wconf 78' lang='grc' dir='ltr'>τήμερον]</span> <span class='ocrx_word' id='word_1_300' title='bbox 870 1995 1065 2049; x_wconf 81' lang='lat' dir='ltr'>Legimus</span> <span class='ocrx_word' id='word_1_301' title='bbox 1095 2009 1220 2048; x_wconf 86' lang='lat' dir='ltr'>supra</span> <span class='ocrx_word' id='word_1_302' title='bbox 1242 2010 1279 2049; x_wconf 90' lang='lat' dir='ltr'><strong>p.</strong></span> <span class='ocrx_word' id='word_1_303' title='bbox 1304 2006 1399 2048; x_wconf 83' lang='grc'>540,</span> <span class='ocrx_word' id='word_1_304' title='bbox 1426 2007 1491 2047; x_wconf 76' lang='lat'><strong>23.</strong></span> <span class='ocrx_word' id='word_1_305' title='bbox 1515 2007 1652 2033; x_wconf 88' lang='lat' dir='ltr'>recur-</span> 
     </span>
     <span class='ocr_line' id='line_1_34' title="bbox 132 2049 1652 2107; baseline -0.002 -14"><span class='ocrx_word' id='word_1_306' title='bbox 132 2059 279 2107; x_wconf 87' lang='lat' dir='ltr'>retque</span> <span class='ocrx_word' id='word_1_307' title='bbox 312 2053 420 2094; x_wconf 87' lang='lat' dir='ltr'>infra</span> <span class='ocrx_word' id='word_1_308' title='bbox 451 2069 491 2107; x_wconf 83' lang='lat' dir='ltr'><strong>p.</strong></span> <span class='ocrx_word' id='word_1_309' title='bbox 513 2055 609 2105; x_wconf 81' lang='grc'>565,</span> <span class='ocrx_word' id='word_1_310' title='bbox 638 2054 701 2093; x_wconf 84' lang='grc'>18.</span> <span class='ocrx_word' id='word_1_311' title='bbox 738 2054 831 2105; x_wconf 63' lang='grc'>873,</span> <span class='ocrx_word' id='word_1_312' title='bbox 855 2066 892 2103; x_wconf 94' lang='grc'>9.</span> <span class='ocrx_word' id='word_1_313' title='bbox 929 2052 1023 2103; x_wconf 85' lang='grc'>898,</span> <span class='ocrx_word' id='word_1_314' title='bbox 1045 2063 1085 2105; x_wconf 90' lang='grc'>5.</span> <span class='ocrx_word' id='word_1_315' title='bbox 1119 2054 1214 2104; x_wconf 84' lang='grc'>980,</span> <span class='ocrx_word' id='word_1_316' title='bbox 1238 2065 1290 2104; x_wconf 88' lang='grc'>5.,</span> <span class='ocrx_word' id='word_1_317' title='bbox 1323 2054 1366 2090; x_wconf 85' lang='grc'>01</span> <span class='ocrx_word' id='word_1_318' title='bbox 1397 2049 1554 2100; x_wconf 83' lang='grc' dir='ltr'>μηδέπω</span> <span class='ocrx_word' id='word_1_319' title='bbox 1590 2051 1652 2090; x_wconf 87' lang='grc' dir='ltr'>καὶ</span> 
     </span>
     <span class='ocr_line' id='line_1_35' title="bbox 135 2108 985 2163; baseline -0.002 -14"><span class='ocrx_word' id='word_1_320' title='bbox 135 2109 302 2161; x_wconf 85' lang='grc' dir='ltr'>τήμερον</span> <span class='ocrx_word' id='word_1_321' title='bbox 328 2113 425 2163; x_wconf 81' lang='lat'>691,</span> <span class='ocrx_word' id='word_1_322' title='bbox 450 2122 486 2149; x_wconf 86' lang='lat'><strong>2.</strong></span> <span class='ocrx_word' id='word_1_323' title='bbox 515 2111 609 2161; x_wconf 79' lang='grc'>879,</span> <span class='ocrx_word' id='word_1_324' title='bbox 635 2121 700 2163; x_wconf 75' lang='lat'><strong>23.</strong></span> <span class='ocrx_word' id='word_1_325' title='bbox 733 2108 985 2149; x_wconf 74' lang='lat' dir='ltr'><strong>SUHAEF.</strong></span> 
     </span>
    </p>

    <p class='ocr_par' dir='ltr' id='par_1_5' title="bbox 134 2161 1651 2274">
     <span class='ocr_line' id='line_1_36' title="bbox 189 2161 1651 2220; baseline -0.003 -14"><span class='ocrx_word' id='word_1_326' title='bbox 189 2178 286 2220; x_wconf 68' lang='lat'>543,</span> <span class='ocrx_word' id='word_1_327' title='bbox 312 2166 377 2206; x_wconf 82' lang='lat'><strong>28.</strong></span> <span class='ocrx_word' id='word_1_328' title='bbox 405 2166 714 2218; x_wconf 83' lang='grc' dir='ltr'>παραπόλωλεν]</span> <span class='ocrx_word' id='word_1_329' title='bbox 745 2165 860 2204; x_wconf 86' lang='lat' dir='ltr'>Dicit</span> <span class='ocrx_word' id='word_1_330' title='bbox 886 2169 1031 2204; x_wconf 88' lang='lat' dir='ltr'>orator</span> <span class='ocrx_word' id='word_1_331' title='bbox 1059 2164 1301 2203; x_wconf 84' lang='lat' dir='ltr'>Stratonem</span> <span class='ocrx_word' id='word_1_332' title='bbox 1326 2161 1484 2202; x_wconf 86' lang='lat' dir='ltr'>Midiae</span> <span class='ocrx_word' id='word_1_333' title='bbox 1509 2161 1651 2214; x_wconf 82' lang='grc' dir='ltr'>πάρερ-</span> 
     </span>
     <span class='ocr_line' id='line_1_37' title="bbox 134 2221 797 2274; baseline -0.003 -12"><span class='ocrx_word' id='word_1_334' title='bbox 134 2239 208 2274; x_wconf 83' lang='grc' dir='ltr'>γον</span> <span class='ocrx_word' id='word_1_335' title='bbox 229 2223 387 2262; x_wconf 85' lang='lat' dir='ltr'>factum</span> <span class='ocrx_word' id='word_1_336' title='bbox 409 2236 509 2262; x_wconf 83' lang='lat' dir='ltr'>esse.</span> <span class='ocrx_word' id='word_1_337' title='bbox 542 2221 797 2262; x_wconf 79' lang='lat' dir='ltr'><strong>SOHAEF.</strong></span> 
     </span>
    </p>

    <p class='ocr_par' dir='ltr' id='par_1_6' title="bbox 134 2276 1654 2669">
     <span class='ocr_line' id='line_1_38' title="bbox 190 2276 1652 2331; baseline -0.003 -13"><span class='ocrx_word' id='word_1_338' title='bbox 190 2291 286 2330; x_wconf 75' lang='grc'>544,</span> <span class='ocrx_word' id='word_1_339' title='bbox 318 2292 348 2318; x_wconf 92' lang='grc'>1.</span> <span class='ocrx_word' id='word_1_340' title='bbox 375 2279 462 2320; x_wconf 82' lang='grc' dir='ltr'>τοὺς</span> <span class='ocrx_word' id='word_1_341' title='bbox 491 2279 699 2331; x_wconf 77' lang='grc' dir='ltr'>διαιτητὰς]</span> <span class='ocrx_word' id='word_1_342' title='bbox 734 2277 891 2317; x_wconf 83' lang='lat' dir='ltr'>Plurali</span> <span class='ocrx_word' id='word_1_343' title='bbox 920 2276 1056 2316; x_wconf 86' lang='lat' dir='ltr'>utitur</span> <span class='ocrx_word' id='word_1_344' title='bbox 1084 2289 1167 2315; x_wconf 88' lang='lat' dir='ltr'>non</span> <span class='ocrx_word' id='word_1_345' title='bbox 1197 2289 1415 2314; x_wconf 84' lang='lat' dir='ltr'>numerum</span> <span class='ocrx_word' id='word_1_346' title='bbox 1443 2278 1652 2328; x_wconf 78' lang='lat' dir='ltr'>spectans,</span> 
     </span>
     <span class='ocr_line' id='line_1_39' title="bbox 134 2330 1652 2388; baseline -0.002 -14"><span class='ocrx_word' id='word_1_347' title='bbox 134 2335 207 2374; x_wconf 83' lang='lat' dir='ltr'>sed</span> <span class='ocrx_word' id='word_1_348' title='bbox 241 2349 399 2388; x_wconf 69' lang='lat' dir='ltr'>genus:</span> <span class='ocrx_word' id='word_1_349' title='bbox 445 2349 542 2374; x_wconf 90' lang='lat' dir='ltr'>nam</span> <span class='ocrx_word' id='word_1_350' title='bbox 578 2334 785 2374; x_wconf 88' lang='lat' dir='ltr'>diaetetae</span> <span class='ocrx_word' id='word_1_351' title='bbox 822 2333 987 2387; x_wconf 66' lang='lat' dir='ltr'>publici7</span> <span class='ocrx_word' id='word_1_352' title='bbox 1021 2331 1155 2384; x_wconf 81' lang='lat' dir='ltr'>qualis</span> <span class='ocrx_word' id='word_1_353' title='bbox 1191 2331 1234 2370; x_wconf 90' lang='lat' dir='ltr'>in</span> <span class='ocrx_word' id='word_1_354' title='bbox 1269 2331 1348 2370; x_wconf 88' lang='lat' dir='ltr'>hac</span> <span class='ocrx_word' id='word_1_355' title='bbox 1382 2345 1529 2370; x_wconf 87' lang='lat' dir='ltr'>caussa</span> <span class='ocrx_word' id='word_1_356' title='bbox 1560 2330 1652 2379; x_wconf 84' lang='lat' dir='ltr'>fuit⁷</span> 
     </span>
     <span class='ocr_line' id='line_1_40' title="bbox 135 2386 1653 2444; baseline -0.003 -14"><span class='ocrx_word' id='word_1_357' title='bbox 135 2390 283 2444; x_wconf 78' lang='lat' dir='ltr'>singuli</span> <span class='ocrx_word' id='word_1_358' title='bbox 308 2405 515 2443; x_wconf 76' lang='lat' dir='ltr'>quamque</span> <span class='ocrx_word' id='word_1_359' title='bbox 538 2405 729 2429; x_wconf 84' lang='lat' dir='ltr'>caussam</span> <span class='ocrx_word' id='word_1_360' title='bbox 745 2390 934 2442; x_wconf 86' lang='lat' dir='ltr'>judicare</span> <span class='ocrx_word' id='word_1_361' title='bbox 957 2388 1162 2428; x_wconf 87' lang='lat' dir='ltr'>solebant.</span> <span class='ocrx_word' id='word_1_362' title='bbox 1200 2387 1325 2426; x_wconf 90' lang='lat' dir='ltr'>Unde</span> <span class='ocrx_word' id='word_1_363' title='bbox 1349 2387 1458 2439; x_wconf 81' lang='lat' dir='ltr'>quod</span> <span class='ocrx_word' id='word_1_364' title='bbox 1481 2386 1523 2425; x_wconf 93' lang='lat' dir='ltr'>in</span> <span class='ocrx_word' id='word_1_365' title='bbox 1545 2391 1653 2426; x_wconf 86' lang='lat' dir='ltr'>orat.</span> 
     </span>
     <span class='ocr_line' id='line_1_41' title="bbox 136 2443 1650 2499; baseline -0.001 -13"><span class='ocrx_word' id='word_1_366' title='bbox 136 2461 170 2486; x_wconf 92' lang='lat' dir='ltr'>c.</span> <span class='ocrx_word' id='word_1_367' title='bbox 195 2447 348 2499; x_wconf 53' lang='lat' dir='ltr'>Euerg-r.</span> <span class='ocrx_word' id='word_1_368' title='bbox 371 2451 414 2486; x_wconf 87' lang='lat' dir='ltr'>et</span> <span class='ocrx_word' id='word_1_369' title='bbox 437 2446 616 2485; x_wconf 80' lang='lat' dir='ltr'>Mnesib.</span> <span class='ocrx_word' id='word_1_370' title='bbox 640 2461 681 2499; x_wconf 86' lang='lat' dir='ltr'><strong>p.</strong></span> <span class='ocrx_word' id='word_1_371' title='bbox 704 2459 717 2484; x_wconf 90' lang='grc'>1</span> <span class='ocrx_word' id='word_1_372' title='bbox 733 2457 823 2499; x_wconf 73' lang='grc'>153,</span> <span class='ocrx_word' id='word_1_373' title='bbox 850 2459 885 2487; x_wconf 84' lang='lat'><strong>2.</strong></span> <span class='ocrx_word' id='word_1_374' title='bbox 908 2444 1061 2498; x_wconf 79' lang='lat' dir='ltr'>legitur</span> <span class='ocrx_word' id='word_1_375' title='bbox 1090 2444 1239 2494; x_wconf 80' lang='grc' dir='ltr'>ἔλαχον</span> <span class='ocrx_word' id='word_1_376' title='bbox 1261 2444 1361 2495; x_wconf 74' lang='grc' dir='ltr'>αὐτῷ</span> <span class='ocrx_word' id='word_1_377' title='bbox 1385 2444 1492 2491; x_wconf 82' lang='grc' dir='ltr'>δίκην</span> <span class='ocrx_word' id='word_1_378' title='bbox 1513 2443 1650 2484; x_wconf 57' lang='lat' dir='ltr'>aldae·</span> 
     </span>
     <span class='ocr_line' id='line_1_42' title="bbox 136 2499 1654 2553; baseline -0.002 -11"><span class='ocrx_word' id='word_1_379' title='bbox 136 2499 600 2553; x_wconf 71' lang='grc' dir='ltr'>ἀντιπροάκαλεσαμένου</span> <span class='ocrx_word' id='word_1_380' title='bbox 629 2504 670 2541; x_wconf 79' lang='grc' dir='ltr'>δὲ</span> <span class='ocrx_word' id='word_1_381' title='bbox 700 2504 762 2541; x_wconf 84' lang='grc' dir='ltr'>καὶ</span> <span class='ocrx_word' id='word_1_382' title='bbox 792 2502 940 2541; x_wconf 86' lang='grc' dir='ltr'>ἐκείνου</span> <span class='ocrx_word' id='word_1_383' title='bbox 969 2502 1035 2550; x_wconf 79' lang='grc' dir='ltr'>ἐμὲ</span> <span class='ocrx_word' id='word_1_384' title='bbox 1066 2500 1127 2538; x_wconf 85' lang='grc' dir='ltr'>καὶ</span> <span class='ocrx_word' id='word_1_385' title='bbox 1158 2502 1360 2547; x_wconf 80' lang='grc' dir='ltr'>διαιτητῶν</span> <span class='ocrx_word' id='word_1_386' title='bbox 1389 2499 1560 2549; x_wconf 82' lang='grc' dir='ltr'>ἐχόντων</span> <span class='ocrx_word' id='word_1_387' title='bbox 1586 2500 1654 2539; x_wconf 79' lang='grc' dir='ltr'>τὰς</span> 
     </span>
     <span class='ocr_line' id='line_1_43' title="bbox 137 2553 1654 2608; baseline -0.004 -10"><span class='ocrx_word' id='word_1_388' title='bbox 137 2560 257 2607; x_wconf 83' lang='grc' dir='ltr'>δίκην,</span> <span class='ocrx_word' id='word_1_389' title='bbox 284 2556 468 2598; x_wconf 81' lang='lat' dir='ltr'>Meierus</span> <span class='ocrx_word' id='word_1_390' title='bbox 496 2558 537 2597; x_wconf 92' lang='lat' dir='ltr'>in</span> <span class='ocrx_word' id='word_1_391' title='bbox 566 2562 785 2597; x_wconf 85' lang='lat' dir='ltr'>comment.</span> <span class='ocrx_word' id='word_1_392' title='bbox 810 2557 861 2596; x_wconf 83' lang='grc'>(10</span> <span class='ocrx_word' id='word_1_393' title='bbox 891 2555 1087 2596; x_wconf 84' lang='grc'>(1111010118</span> <span class='ocrx_word' id='word_1_394' title='bbox 1114 2570 1150 2608; x_wconf 88' lang='lat' dir='ltr'>p.</span> <span class='ocrx_word' id='word_1_395' title='bbox 1178 2568 1242 2606; x_wconf 76' lang='lat'><strong>23.</strong></span> <span class='ocrx_word' id='word_1_396' title='bbox 1266 2554 1317 2593; x_wconf 90' lang='lat' dir='ltr'>de</span> <span class='ocrx_word' id='word_1_397' title='bbox 1346 2554 1507 2592; x_wconf 84' lang='lat' dir='ltr'>duobus</span> <span class='ocrx_word' id='word_1_398' title='bbox 1535 2553 1654 2593; x_wconf 90' lang='lat' dir='ltr'>intel-</span> 
     </span>
     <span class='ocr_line' id='line_1_44' title="bbox 135 2609 1554 2669; baseline -0.004 -15"><span class='ocrx_word' id='word_1_399' title='bbox 135 2614 228 2669; x_wconf 82' lang='lat' dir='ltr'>ligit</span> <span class='ocrx_word' id='word_1_400' title='bbox 250 2614 457 2661; x_wconf 83' lang='grc'>(1111010118,</span> <span class='ocrx_word' id='word_1_401' title='bbox 480 2615 611 2653; x_wconf 82' lang='lat' dir='ltr'>altero</span> <span class='ocrx_word' id='word_1_402' title='bbox 632 2613 827 2667; x_wconf 85' lang='lat' dir='ltr'>priorem,</span> <span class='ocrx_word' id='word_1_403' title='bbox 848 2612 983 2652; x_wconf 90' lang='lat' dir='ltr'>altero</span> <span class='ocrx_word' id='word_1_404' title='bbox 1004 2612 1181 2651; x_wconf 88' lang='lat' dir='ltr'>alteram</span> <span class='ocrx_word' id='word_1_405' title='bbox 1203 2612 1310 2658; x_wconf 85' lang='grc' dir='ltr'>δίκην</span> <span class='ocrx_word' id='word_1_406' title='bbox 1326 2609 1554 2663; x_wconf 87' lang='lat' dir='ltr'>judicante.</span> 
     </span>
    </p>

    <p class='ocr_par' dir='ltr' id='par_1_7' title="bbox 138 2665 1654 2893">
     <span class='ocr_line' id='line_1_45' title="bbox 194 2665 1654 2723; baseline -0.005 -12"><span class='ocrx_word' id='word_1_407' title='bbox 194 2684 292 2723; x_wconf 78' lang='lat'>544,</span> <span class='ocrx_word' id='word_1_408' title='bbox 316 2683 354 2722; x_wconf 76' lang='lat'><strong>3.</strong></span> <span class='ocrx_word' id='word_1_409' title='bbox 378 2670 423 2720; x_wconf 84' lang='grc' dir='ltr'>ἣν</span> <span class='ocrx_word' id='word_1_410' title='bbox 450 2672 725 2721; x_wconf 84' lang='grc' dir='ltr'>ἀπρόσκλητον</span> <span class='ocrx_word' id='word_1_411' title='bbox 748 2668 1053 2719; x_wconf 80' lang='grc' dir='ltr'>κατεσκεύασεν]</span> <span class='ocrx_word' id='word_1_412' title='bbox 1082 2665 1300 2706; x_wconf 77' lang='lat' dir='ltr'>Sententia</span> <span class='ocrx_word' id='word_1_413' title='bbox 1321 2670 1387 2705; x_wconf 74' lang='lat' dir='ltr'>est</span> <span class='ocrx_word' id='word_1_414' title='bbox 1408 2666 1509 2705; x_wconf 84' lang='lat' dir='ltr'>haec</span> <span class='ocrx_word' id='word_1_415' title='bbox 1529 2681 1536 2704; x_wconf 93' lang='lat'>:</span> <span class='ocrx_word' id='word_1_416' title='bbox 1573 2665 1654 2704; x_wconf 81' lang='lat' dir='ltr'>Mi-</span> 
     </span>
     <span class='ocr_line' id='line_1_46' title="bbox 139 2722 1654 2776; baseline -0.002 -11"><span class='ocrx_word' id='word_1_417' title='bbox 139 2726 228 2766; x_wconf 84' lang='lat' dir='ltr'>dias</span> <span class='ocrx_word' id='word_1_418' title='bbox 249 2727 412 2767; x_wconf 89' lang='lat' dir='ltr'>artibus</span> <span class='ocrx_word' id='word_1_419' title='bbox 433 2726 592 2766; x_wconf 81' lang='lat' dir='ltr'>callidis</span> <span class='ocrx_word' id='word_1_420' title='bbox 614 2725 699 2765; x_wconf 81' lang='lat' dir='ltr'>suis</span> <span class='ocrx_word' id='word_1_421' title='bbox 725 2724 860 2764; x_wconf 82' lang='lat' dir='ltr'>effecit</span> <span class='ocrx_word' id='word_1_422' title='bbox 886 2728 933 2763; x_wconf 91' lang='lat' dir='ltr'>ut</span> <span class='ocrx_word' id='word_1_423' title='bbox 959 2723 1121 2776; x_wconf 87' lang='lat' dir='ltr'>judices</span> <span class='ocrx_word' id='word_1_424' title='bbox 1144 2722 1385 2762; x_wconf 83' lang='lat' dir='ltr'>Stratonem</span> <span class='ocrx_word' id='word_1_425' title='bbox 1407 2722 1654 2762; x_wconf 82' lang='lat' dir='ltr'>condemna-</span> 
     </span>
     <span class='ocr_line' id='line_1_47' title="bbox 138 2777 1654 2835; baseline -0.004 -13"><span class='ocrx_word' id='word_1_426' title='bbox 138 2787 233 2822; x_wconf 87' lang='lat' dir='ltr'>rent</span> <span class='ocrx_word' id='word_1_427' title='bbox 260 2782 393 2835; x_wconf 86' lang='lat' dir='ltr'>injus</span> <span class='ocrx_word' id='word_1_428' title='bbox 424 2797 507 2822; x_wconf 91' lang='lat' dir='ltr'>non</span> <span class='ocrx_word' id='word_1_429' title='bbox 539 2782 728 2822; x_wconf 85' lang='lat' dir='ltr'>citatum.</span> <span class='ocrx_word' id='word_1_430' title='bbox 761 2780 956 2820; x_wconf 81' lang='lat' dir='ltr'><strong>REISK.</strong></span> <span class='ocrx_word' id='word_1_431' title='bbox 990 2781 1159 2828; x_wconf 84' lang='grc' dir='ltr'>κλητῆρα</span> <span class='ocrx_word' id='word_1_432' title='bbox 1189 2777 1265 2817; x_wconf 80' lang='grc' dir='ltr'>οὐδ’</span> <span class='ocrx_word' id='word_1_433' title='bbox 1296 2779 1473 2817; x_wconf 83' lang='grc' dir='ltr'>ὁντινοῦν</span> <span class='ocrx_word' id='word_1_434' title='bbox 1500 2779 1654 2829; x_wconf 84' lang='grc' dir='ltr'>ἐπιγρα-</span> 
     </span>
     <span class='ocr_line' id='line_1_48' title="bbox 138 2833 1481 2893; baseline -0.004 -16"><span class='ocrx_word' id='word_1_435' title='bbox 138 2838 315 2889; x_wconf 76' lang='grc' dir='ltr'>ψάμενος</span> <span class='ocrx_word' id='word_1_436' title='bbox 338 2853 378 2891; x_wconf 87' lang='lat' dir='ltr'>p.</span> <span class='ocrx_word' id='word_1_437' title='bbox 396 2851 492 2893; x_wconf 80' lang='lat'>542,</span> <span class='ocrx_word' id='word_1_438' title='bbox 514 2851 578 2878; x_wconf 84' lang='lat'><strong>20.</strong></span> <span class='ocrx_word' id='word_1_439' title='bbox 620 2838 736 2878; x_wconf 82' lang='lat' dir='ltr'>Cous.</span> <span class='ocrx_word' id='word_1_440' title='bbox 759 2852 797 2890; x_wconf 83' lang='lat' dir='ltr'><strong>p.</strong></span> <span class='ocrx_word' id='word_1_441' title='bbox 817 2849 911 2889; x_wconf 74' lang='grc'>911,</span> <span class='ocrx_word' id='word_1_442' title='bbox 936 2849 998 2875; x_wconf 90' lang='grc'>11.</span> <span class='ocrx_word' id='word_1_443' title='bbox 1022 2846 1138 2886; x_wconf 89' lang='grc'>1147,</span> <span class='ocrx_word' id='word_1_444' title='bbox 1158 2835 1196 2873; x_wconf 89' lang='lat'>6.</span> <span class='ocrx_word' id='word_1_445' title='bbox 1230 2833 1481 2873; x_wconf 76' lang='lat' dir='ltr'><strong>SGHAEF.</strong></span> 
     </span>
    </p>

    <p class='ocr_par' dir='ltr' id='par_1_8' title="bbox 141 2890 1652 2990">
     <span class='ocr_line' id='line_1_49' title="bbox 196 2890 1652 2947; baseline -0.004 -13"><span class='ocrx_word' id='word_1_446' title='bbox 196 2906 292 2947; x_wconf 86' lang='grc'>544,</span> <span class='ocrx_word' id='word_1_447' title='bbox 322 2897 360 2933; x_wconf 87' lang='lat'>6.</span> <span class='ocrx_word' id='word_1_448' title='bbox 398 2893 819 2945; x_wconf 80' lang='grc' dir='ltr'>καίτοι-λαμβάνειν]</span> <span class='ocrx_word' id='word_1_449' title='bbox 867 2892 1013 2933; x_wconf 80' lang='lat' dir='ltr'>Citant</span> <span class='ocrx_word' id='word_1_450' title='bbox 1050 2890 1208 2930; x_wconf 83' lang='lat' dir='ltr'>Anecd.</span> <span class='ocrx_word' id='word_1_451' title='bbox 1246 2890 1378 2929; x_wconf 85' lang='lat' dir='ltr'>Bekk.</span> <span class='ocrx_word' id='word_1_452' title='bbox 1415 2904 1454 2943; x_wconf 88' lang='lat' dir='ltr'>p.</span> <span class='ocrx_word' id='word_1_453' title='bbox 1490 2900 1579 2943; x_wconf 84' lang='grc'>150,</span> <span class='ocrx_word' id='word_1_454' title='bbox 1614 2902 1652 2942; x_wconf 90' lang='lat'><strong>7.</strong></span> 
     </span>
     <span class='ocr_line' id='line_1_50' title="bbox 141 2950 392 2990; baseline 0 -1"><span class='ocrx_word' id='word_1_455' title='bbox 141 2950 392 2990; x_wconf 82' lang='lat' dir='ltr'><strong>SCHAEF.</strong></span> 
     </span>
    </p>
   </div>
  </div>
 </body>
</html>
