<?xml version="1.0" encoding="UTF-8"?>
<!DOCTYPE html PUBLIC "-//W3C//DTD XHTML 1.0 Transitional//EN"
    "http://www.w3.org/TR/xhtml1/DTD/xhtml1-transitional.dtd">
<html xmlns="http://www.w3.org/1999/xhtml" xml:lang="en" lang="en">
 <head>
  <title>
</title>
<meta http-equiv="Content-Type" content="text/html;charset=utf-8" />
  <meta name='ocr-system' content='tesseract 3.04.00' />
  <meta name='ocr-capabilities' content='ocr_page ocr_carea ocr_par ocr_line ocrx_word'/>
</head>
<body>
  <div class='ocr_page' id='page_1' title='image "./operaexrecension06demouoft/operaexrecension06demouoft_0233.png"; bbox 0 0 1997 3256; ppageno 0'>
   <div class='ocr_carea' id='block_1_1' title="bbox 704 173 1634 214">
    <p class='ocr_par' dir='ltr' id='par_1_1' title="bbox 704 173 1634 214">
     <span class='ocr_line' id='line_1_1' title="bbox 704 173 1634 214; baseline 0.001 -1"><span class='ocrx_word' id='word_1_1' title='bbox 704 174 764 213; x_wconf 80' lang='lat' dir='ltr'>IN</span> <span class='ocrx_word' id='word_1_2' title='bbox 800 175 1051 214; x_wconf 74' lang='lat' dir='ltr'>MianM.</span> <span class='ocrx_word' id='word_1_3' title='bbox 1551 173 1634 214; x_wconf 76' lang='grc'>819</span> 
     </span>
    </p>
   </div>
   <div class='ocr_carea' id='block_1_2' title="bbox 115 276 1660 3019">
    <p class='ocr_par' dir='ltr' id='par_1_2' title="bbox 121 276 1637 600">
     <span class='ocr_line' id='line_1_2' title="bbox 124 276 1634 332; baseline -0.003 -13"><span class='ocrx_word' id='word_1_4' title='bbox 124 280 213 319; x_wconf 88' lang='lat' dir='ltr'>Ind.</span> <span class='ocrx_word' id='word_1_5' title='bbox 240 279 471 320; x_wconf 84' lang='lat' dir='ltr'>Graecitat.</span> <span class='ocrx_word' id='word_1_6' title='bbox 536 279 642 318; x_wconf 86' lang='lat' dir='ltr'><strong>Mihi</strong></span> <span class='ocrx_word' id='word_1_7' title='bbox 665 279 857 320; x_wconf 85' lang='lat' dir='ltr'>videntur</span> <span class='ocrx_word' id='word_1_8' title='bbox 882 279 1044 320; x_wconf 77' lang='lat' dir='ltr'>natales</span> <span class='ocrx_word' id='word_1_9' title='bbox 1068 279 1226 319; x_wconf 86' lang='lat' dir='ltr'>Midiae</span> <span class='ocrx_word' id='word_1_10' title='bbox 1252 278 1426 332; x_wconf 76' lang='lat' dir='ltr'>respici:</span> <span class='ocrx_word' id='word_1_11' title='bbox 1461 283 1507 317; x_wconf 91' lang='lat' dir='ltr'>ut</span> <span class='ocrx_word' id='word_1_12' title='bbox 1533 276 1634 316; x_wconf 88' lang='lat' dir='ltr'>haec</span> 
     </span>
     <span class='ocr_line' id='line_1_3' title="bbox 122 332 1633 389; baseline -0.003 -13"><span class='ocrx_word' id='word_1_13' title='bbox 122 339 388 389; x_wconf 78' lang='lat' dir='ltr'>opponantur</span> <span class='ocrx_word' id='word_1_14' title='bbox 410 334 501 382; x_wconf 76' lang='lat' dir='ltr'>illis,</span> <span class='ocrx_word' id='word_1_15' title='bbox 524 337 707 376; x_wconf 78' lang='grc' dir='ltr'>τοιούτων</span> <span class='ocrx_word' id='word_1_16' title='bbox 729 337 878 387; x_wconf 81' lang='grc' dir='ltr'>ἀνδρῶν</span> <span class='ocrx_word' id='word_1_17' title='bbox 900 337 1011 376; x_wconf 71' lang='grc' dir='ltr'>οὖσιν</span> <span class='ocrx_word' id='word_1_18' title='bbox 1033 337 1255 387; x_wconf 77' lang='grc' dir='ltr'>ἀπογόνοις.</span> <span class='ocrx_word' id='word_1_19' title='bbox 1303 336 1419 375; x_wconf 74' lang='lat' dir='ltr'>Cous.</span> <span class='ocrx_word' id='word_1_20' title='bbox 1443 332 1633 387; x_wconf 77' lang='lat' dir='ltr'>Sophocl.</span> 
     </span>
     <span class='ocr_line' id='line_1_4' title="bbox 122 388 1636 444; baseline -0.003 -12"><span class='ocrx_word' id='word_1_21' title='bbox 122 392 249 444; x_wconf 85' lang='lat' dir='ltr'>Ajac.</span> <span class='ocrx_word' id='word_1_22' title='bbox 285 403 405 444; x_wconf 79' lang='lat'>1231.</span> <span class='ocrx_word' id='word_1_23' title='bbox 441 391 588 441; x_wconf 83' lang='grc' dir='ltr'>μηδένα</span> <span class='ocrx_word' id='word_1_24' title='bbox 623 394 846 442; x_wconf 84' lang='grc' dir='ltr'>μηδαμόθεν</span> <span class='ocrx_word' id='word_1_25' title='bbox 883 393 923 431; x_wconf 89' lang='grc'>111</span> <span class='ocrx_word' id='word_1_26' title='bbox 960 396 1129 432; x_wconf 84' lang='lat' dir='ltr'>vetante</span> <span class='ocrx_word' id='word_1_27' title='bbox 1165 390 1452 431; x_wconf 79' lang='lat' dir='ltr'>enuntiatione</span> <span class='ocrx_word' id='word_1_28' title='bbox 1487 388 1636 429; x_wconf 89' lang='lat' dir='ltr'>maluit</span> 
     </span>
     <span class='ocr_line' id='line_1_5' title="bbox 122 444 1637 502; baseline -0.002 -16"><span class='ocrx_word' id='word_1_29' title='bbox 122 452 266 488; x_wconf 81' lang='lat' dir='ltr'>orator</span> <span class='ocrx_word' id='word_1_30' title='bbox 294 462 430 501; x_wconf 69' lang='lat' dir='ltr'>quain,</span> <span class='ocrx_word' id='word_1_31' title='bbox 455 448 564 500; x_wconf 82' lang='lat' dir='ltr'>quod</span> <span class='ocrx_word' id='word_1_32' title='bbox 593 447 701 487; x_wconf 81' lang='lat' dir='ltr'>idem</span> <span class='ocrx_word' id='word_1_33' title='bbox 731 448 949 502; x_wconf 75' lang='lat' dir='ltr'>significat,</span> <span class='ocrx_word' id='word_1_34' title='bbox 979 448 1119 488; x_wconf 81' lang='grc' dir='ltr'>οὐδένα</span> <span class='ocrx_word' id='word_1_35' title='bbox 1147 449 1388 497; x_wconf 83' lang='grc' dir='ltr'>οὐδαμόθεν;</span> <span class='ocrx_word' id='word_1_36' title='bbox 1420 447 1499 486; x_wconf 92' lang='lat' dir='ltr'>hac</span> <span class='ocrx_word' id='word_1_37' title='bbox 1527 444 1637 485; x_wconf 90' lang='lat' dir='ltr'>enim</span> 
     </span>
     <span class='ocr_line' id='line_1_6' title="bbox 121 502 1637 557; baseline -0.002 -14"><span class='ocrx_word' id='word_1_38' title='bbox 121 503 350 544; x_wconf 88' lang='lat' dir='ltr'>locutiones</span> <span class='ocrx_word' id='word_1_39' title='bbox 379 504 466 543; x_wconf 80' lang='lat' dir='ltr'>sola</span> <span class='ocrx_word' id='word_1_40' title='bbox 491 504 710 557; x_wconf 61' lang='lat' dir='ltr'>negativae</span> <span class='ocrx_word' id='word_1_41' title='bbox 738 506 884 553; x_wconf 80' lang='lat' dir='ltr'>forma,</span> <span class='ocrx_word' id='word_1_42' title='bbox 906 519 988 543; x_wconf 89' lang='lat' dir='ltr'>non</span> <span class='ocrx_word' id='word_1_43' title='bbox 1011 504 1111 543; x_wconf 89' lang='lat' dir='ltr'>item</span> <span class='ocrx_word' id='word_1_44' title='bbox 1138 502 1442 557; x_wconf 75' lang='lat' dir='ltr'>significatione</span> <span class='ocrx_word' id='word_1_45' title='bbox 1463 502 1574 542; x_wconf 88' lang='lat' dir='ltr'>inter</span> <span class='ocrx_word' id='word_1_46' title='bbox 1594 514 1637 540; x_wconf 87' lang='lat' dir='ltr'>se</span> 
     </span>
     <span class='ocr_line' id='line_1_7' title="bbox 122 559 616 600; baseline 0.004 -2"><span class='ocrx_word' id='word_1_47' title='bbox 122 559 331 600; x_wconf 82' lang='lat' dir='ltr'>differunt.</span> <span class='ocrx_word' id='word_1_48' title='bbox 365 559 616 600; x_wconf 75' lang='lat' dir='ltr'><strong>SCHAEF.</strong></span> 
     </span>
    </p>

    <p class='ocr_par' dir='ltr' id='par_1_3' title="bbox 115 611 1640 892">
     <span class='ocr_line' id='line_1_8' title="bbox 179 611 1638 671; baseline -0.003 -16"><span class='ocrx_word' id='word_1_49' title='bbox 179 618 275 669; x_wconf 76' lang='lat'><strong>563,</strong></span> <span class='ocrx_word' id='word_1_50' title='bbox 302 629 337 657; x_wconf 82' lang='lat'>2.</span> <span class='ocrx_word' id='word_1_51' title='bbox 370 618 438 658; x_wconf 74' lang='grc' dir='ltr'>τὰς</span> <span class='ocrx_word' id='word_1_52' title='bbox 471 617 622 671; x_wconf 82' lang='grc' dir='ltr'>τούτου]</span> <span class='ocrx_word' id='word_1_53' title='bbox 650 616 875 663; x_wconf 75' lang='lat' dir='ltr'>Articulus,</span> <span class='ocrx_word' id='word_1_54' title='bbox 900 613 1021 669; x_wconf 82' lang='lat' dir='ltr'>quem</span> <span class='ocrx_word' id='word_1_55' title='bbox 1043 630 1125 655; x_wconf 91' lang='lat' dir='ltr'>non</span> <span class='ocrx_word' id='word_1_56' title='bbox 1150 615 1331 655; x_wconf 85' lang='lat' dir='ltr'>debebat</span> <span class='ocrx_word' id='word_1_57' title='bbox 1353 613 1488 653; x_wconf 87' lang='lat' dir='ltr'>delere</span> <span class='ocrx_word' id='word_1_58' title='bbox 1517 611 1638 651; x_wconf 84' lang='lat' dir='ltr'>Reis-</span> 
     </span>
     <span class='ocr_line' id='line_1_9' title="bbox 124 668 1639 726; baseline -0.003 -15"><span class='ocrx_word' id='word_1_59' title='bbox 124 671 228 719; x_wconf 70' lang='lat' dir='ltr'>kius,</span> <span class='ocrx_word' id='word_1_60' title='bbox 252 686 333 711; x_wconf 92' lang='lat' dir='ltr'>non</span> <span class='ocrx_word' id='word_1_61' title='bbox 362 672 450 712; x_wconf 86' lang='lat' dir='ltr'>sine</span> <span class='ocrx_word' id='word_1_62' title='bbox 477 672 513 711; x_wconf 79' lang='lat' dir='ltr'>vi</span> <span class='ocrx_word' id='word_1_63' title='bbox 542 672 759 726; x_wconf 82' lang='lat' dir='ltr'>repetitur.</span> <span class='ocrx_word' id='word_1_64' title='bbox 804 673 900 721; x_wconf 69' lang='lat' dir='ltr'>Quis</span> <span class='ocrx_word' id='word_1_65' title='bbox 926 678 1093 711; x_wconf 67' lang='lat' dir='ltr'>vestram</span> <span class='ocrx_word' id='word_1_66' title='bbox 1119 672 1276 724; x_wconf 68' lang='grc' dir='ltr'>ἱφιοναί</span> <span class='ocrx_word' id='word_1_67' title='bbox 1302 683 1496 709; x_wconf 71' lang='lat' dir='ltr'>arcanum</span> <span class='ocrx_word' id='word_1_68' title='bbox 1523 668 1639 707; x_wconf 51' lang='lat' dir='ltr'>¹illum,</span> 
     </span>
     <span class='ocr_line' id='line_1_10' title="bbox 115 725 1639 782; baseline -0.004 -14"><span class='ocrx_word' id='word_1_69' title='bbox 115 735 298 782; x_wconf 59' lang='lat' dir='ltr'>partum„</span> <span class='ocrx_word' id='word_1_70' title='bbox 331 728 465 781; x_wconf 66' lang='lat' dir='ltr'>(letales</span> <span class='ocrx_word' id='word_1_71' title='bbox 487 736 635 782; x_wconf 71' lang='lat' dir='ltr'>partus</span> <span class='ocrx_word' id='word_1_72' title='bbox 670 729 893 781; x_wconf 67' lang='lat' dir='ltr'>trasyoediae</span> <span class='ocrx_word' id='word_1_73' title='bbox 923 728 1144 773; x_wconf 68' lang='lat' dir='ltr'>decantant,</span> <span class='ocrx_word' id='word_1_74' title='bbox 1175 726 1302 779; x_wconf 68' lang='lat' dir='ltr'>hujus,</span> <span class='ocrx_word' id='word_1_75' title='bbox 1334 725 1511 778; x_wconf 73' lang='lat' dir='ltr'>inquam,</span> <span class='ocrx_word' id='word_1_76' title='bbox 1534 738 1639 777; x_wconf 78' lang='lat' dir='ltr'>par-</span> 
     </span>
     <span class='ocr_line' id='line_1_11' title="bbox 124 780 1640 838; baseline -0.003 -14"><span class='ocrx_word' id='word_1_77' title='bbox 124 787 242 824; x_wconf 71' lang='lat' dir='ltr'>tum?</span> <span class='ocrx_word' id='word_1_78' title='bbox 285 784 509 837; x_wconf 81' lang='lat' dir='ltr'>Compares</span> <span class='ocrx_word' id='word_1_79' title='bbox 542 784 817 838; x_wconf 89' lang='lat' dir='ltr'>Eupolideum</span> <span class='ocrx_word' id='word_1_80' title='bbox 848 799 873 824; x_wconf 87' lang='lat' dir='ltr'>a</span> <span class='ocrx_word' id='word_1_81' title='bbox 906 783 1095 837; x_wconf 78' lang='lat' dir='ltr'>Longino</span> <span class='ocrx_word' id='word_1_82' title='bbox 1130 784 1189 822; x_wconf 93' lang='grc'>16.</span> <span class='ocrx_word' id='word_1_83' title='bbox 1221 795 1261 834; x_wconf 82' lang='lat'>3.</span> <span class='ocrx_word' id='word_1_84' title='bbox 1299 786 1537 821; x_wconf 84' lang='lat' dir='ltr'>servatum:</span> <span class='ocrx_word' id='word_1_85' title='bbox 1580 780 1640 819; x_wconf 82' lang='grc' dir='ltr'>Οὐ</span> 
     </span>
     <span class='ocr_line' id='line_1_12' title="bbox 126 837 1325 892; baseline -0.003 -12"><span class='ocrx_word' id='word_1_86' title='bbox 126 843 201 892; x_wconf 81' lang='grc' dir='ltr'>γὰρ</span> <span class='ocrx_word' id='word_1_87' title='bbox 221 843 275 891; x_wconf 81' lang='grc' dir='ltr'>μὰ</span> <span class='ocrx_word' id='word_1_88' title='bbox 295 840 364 890; x_wconf 76' lang='grc' dir='ltr'>τὴν</span> <span class='ocrx_word' id='word_1_89' title='bbox 388 843 602 891; x_wconf 80' lang='grc' dir='ltr'>Μαραθῶνι</span> <span class='ocrx_word' id='word_1_90' title='bbox 623 840 692 890; x_wconf 83' lang='grc' dir='ltr'>τὴν</span> <span class='ocrx_word' id='word_1_91' title='bbox 713 840 823 890; x_wconf 80' lang='grc' dir='ltr'>ἐμὴν</span> <span class='ocrx_word' id='word_1_92' title='bbox 843 839 1041 892; x_wconf 76' lang='grc' dir='ltr'>μάχην-.</span> <span class='ocrx_word' id='word_1_93' title='bbox 1076 837 1325 878; x_wconf 80' lang='lat' dir='ltr'>SCHAEF.</span> 
     </span>
    </p>

    <p class='ocr_par' dir='ltr' id='par_1_4' title="bbox 124 894 1642 1049">
     <span class='ocr_line' id='line_1_13' title="bbox 181 894 1639 950; baseline -0.003 -14"><span class='ocrx_word' id='word_1_94' title='bbox 181 898 278 950; x_wconf 83' lang='lat'>563,</span> <span class='ocrx_word' id='word_1_95' title='bbox 301 898 340 936; x_wconf 87' lang='lat'>6.</span> <span class='ocrx_word' id='word_1_96' title='bbox 363 901 499 936; x_wconf 84' lang='grc' dir='ltr'>πασῶν</span> <span class='ocrx_word' id='word_1_97' title='bbox 520 896 567 946; x_wconf 86' lang='grc' dir='ltr'>ἦν</span> <span class='ocrx_word' id='word_1_98' title='bbox 589 896 825 946; x_wconf 73' lang='grc' dir='ltr'>ἀνοητοτάτη</span> <span class='ocrx_word' id='word_1_99' title='bbox 847 895 1055 948; x_wconf 81' lang='grc' dir='ltr'>γυναικῶν]</span> <span class='ocrx_word' id='word_1_100' title='bbox 1079 894 1255 948; x_wconf 72' lang='lat' dir='ltr'>Scripsit</span> <span class='ocrx_word' id='word_1_101' title='bbox 1276 897 1414 934; x_wconf 83' lang='grc' dir='ltr'>πασῶν</span> <span class='ocrx_word' id='word_1_102' title='bbox 1435 895 1639 944; x_wconf 81' lang='grc' dir='ltr'>γυναικῶν,</span> 
     </span>
     <span class='ocr_line' id='line_1_14' title="bbox 124 950 1642 1005; baseline -0.003 -13"><span class='ocrx_word' id='word_1_103' title='bbox 124 967 208 992; x_wconf 90' lang='lat' dir='ltr'>non</span> <span class='ocrx_word' id='word_1_104' title='bbox 240 952 396 992; x_wconf 86' lang='grc' dir='ltr'>πάντων</span> <span class='ocrx_word' id='word_1_105' title='bbox 432 953 657 1003; x_wconf 84' lang='grc' dir='ltr'>ἀνθρώπων,</span> <span class='ocrx_word' id='word_1_106' title='bbox 695 956 743 992; x_wconf 84' lang='lat' dir='ltr'>ut</span> <span class='ocrx_word' id='word_1_107' title='bbox 775 966 810 992; x_wconf 91' lang='lat' dir='ltr'>V.</span> <span class='ocrx_word' id='word_1_108' title='bbox 842 965 898 1005; x_wconf 87' lang='grc'>5.,</span> <span class='ocrx_word' id='word_1_109' title='bbox 930 951 1027 1005; x_wconf 86' lang='lat' dir='ltr'>quia</span> <span class='ocrx_word' id='word_1_110' title='bbox 1058 952 1101 991; x_wconf 86' lang='grc' dir='ltr'>τὸ</span> <span class='ocrx_word' id='word_1_111' title='bbox 1138 950 1444 1001; x_wconf 83' lang='grc' dir='ltr'>ὑποβάλλεσθαι</span> <span class='ocrx_word' id='word_1_112' title='bbox 1476 952 1541 989; x_wconf 84' lang='lat' dir='ltr'>est</span> <span class='ocrx_word' id='word_1_113' title='bbox 1576 962 1642 988; x_wconf 82' lang='lat' dir='ltr'>res</span> 
     </span>
     <span class='ocr_line' id='line_1_15' title="bbox 126 1008 634 1049; baseline -0.002 -1"><span class='ocrx_word' id='word_1_114' title='bbox 126 1008 349 1048; x_wconf 89' lang='lat' dir='ltr'>muliebris.</span> <span class='ocrx_word' id='word_1_115' title='bbox 383 1008 634 1049; x_wconf 82' lang='lat' dir='ltr'><strong>SCHAEF.</strong></span> 
     </span>
    </p>

    <p class='ocr_par' dir='ltr' id='par_1_5' title="bbox 127 1062 1644 1175">
     <span class='ocr_line' id='line_1_16' title="bbox 182 1062 1644 1119; baseline -0.003 -15"><span class='ocrx_word' id='word_1_116' title='bbox 182 1066 279 1118; x_wconf 71' lang='lat'>563,</span> <span class='ocrx_word' id='word_1_117' title='bbox 308 1079 318 1104; x_wconf 92' lang='grc'>1</span> <span class='ocrx_word' id='word_1_118' title='bbox 340 1078 369 1104; x_wconf 91' lang='grc'>1.</span> <span class='ocrx_word' id='word_1_119' title='bbox 391 1063 413 1114; x_wconf 78' lang='grc' dir='ltr'>ἢ</span> <span class='ocrx_word' id='word_1_120' title='bbox 436 1063 748 1119; x_wconf 78' lang='grc' dir='ltr'>νόμοις-δοκεῖ]</span> <span class='ocrx_word' id='word_1_121' title='bbox 773 1064 1041 1106; x_wconf 77' lang='lat' dir='ltr'>Contrarium</span> <span class='ocrx_word' id='word_1_122' title='bbox 1062 1064 1226 1105; x_wconf 88' lang='lat' dir='ltr'>obtinet</span> <span class='ocrx_word' id='word_1_123' title='bbox 1248 1064 1358 1104; x_wconf 92' lang='lat' dir='ltr'>inter</span> <span class='ocrx_word' id='word_1_124' title='bbox 1379 1062 1594 1110; x_wconf 74' lang='lat' dir='ltr'>barbaros,</span> <span class='ocrx_word' id='word_1_125' title='bbox 1618 1076 1644 1100; x_wconf 87' lang='lat' dir='ltr'>a</span> 
     </span>
     <span class='ocr_line' id='line_1_17' title="bbox 127 1120 1139 1175; baseline 0 -14"><span class='ocrx_word' id='word_1_126' title='bbox 127 1121 275 1175; x_wconf 88' lang='lat' dir='ltr'>quibus</span> <span class='ocrx_word' id='word_1_127' title='bbox 299 1120 456 1161; x_wconf 77' lang='lat' dir='ltr'>Midias</span> <span class='ocrx_word' id='word_1_128' title='bbox 476 1121 608 1161; x_wconf 87' lang='lat' dir='ltr'>traxit</span> <span class='ocrx_word' id='word_1_129' title='bbox 629 1121 846 1175; x_wconf 75' lang='lat' dir='ltr'>originem.</span> <span class='ocrx_word' id='word_1_130' title='bbox 889 1121 1139 1162; x_wconf 77' lang='lat' dir='ltr'><strong>SOHAEF.</strong></span> 
     </span>
    </p>

    <p class='ocr_par' dir='ltr' id='par_1_6' title="bbox 119 1175 1646 1669">
     <span class='ocr_line' id='line_1_18' title="bbox 182 1175 1644 1231; baseline -0.003 -14"><span class='ocrx_word' id='word_1_131' title='bbox 182 1180 279 1231; x_wconf 81' lang='lat'><strong>563,</strong></span> <span class='ocrx_word' id='word_1_132' title='bbox 311 1190 369 1231; x_wconf 75' lang='lat'>13.</span> <span class='ocrx_word' id='word_1_133' title='bbox 399 1177 625 1231; x_wconf 84' lang='grc' dir='ltr'>βάρβαρον]</span> <span class='ocrx_word' id='word_1_134' title='bbox 658 1178 772 1218; x_wconf 87' lang='lat' dir='ltr'>Male</span> <span class='ocrx_word' id='word_1_135' title='bbox 800 1177 995 1218; x_wconf 87' lang='lat' dir='ltr'>Reiskius</span> <span class='ocrx_word' id='word_1_136' title='bbox 1025 1178 1067 1217; x_wconf 90' lang='lat' dir='ltr'>in</span> <span class='ocrx_word' id='word_1_137' title='bbox 1098 1176 1231 1217; x_wconf 89' lang='lat' dir='ltr'>indice</span> <span class='ocrx_word' id='word_1_138' title='bbox 1263 1190 1405 1216; x_wconf 87' lang='lat' dir='ltr'>vocem</span> <span class='ocrx_word' id='word_1_139' title='bbox 1435 1175 1644 1226; x_wconf 89' lang='grc' dir='ltr'>βάρβαρον</span> 
     </span>
     <span class='ocr_line' id='line_1_19' title="bbox 127 1231 1642 1288; baseline -0.003 -14"><span class='ocrx_word' id='word_1_140' title='bbox 127 1235 338 1288; x_wconf 86' lang='lat' dir='ltr'>objectum</span> <span class='ocrx_word' id='word_1_141' title='bbox 360 1234 488 1280; x_wconf 86' lang='lat' dir='ltr'>facit;</span> <span class='ocrx_word' id='word_1_142' title='bbox 523 1248 605 1287; x_wconf 92' lang='lat' dir='ltr'>quo</span> <span class='ocrx_word' id='word_1_143' title='bbox 632 1239 758 1288; x_wconf 88' lang='lat' dir='ltr'>pacto</span> <span class='ocrx_word' id='word_1_144' title='bbox 787 1235 959 1274; x_wconf 83' lang='lat' dir='ltr'>verbum</span> <span class='ocrx_word' id='word_1_145' title='bbox 986 1234 1153 1287; x_wconf 87' lang='lat' dir='ltr'>quidem</span> <span class='ocrx_word' id='word_1_146' title='bbox 1182 1234 1287 1273; x_wconf 84' lang='grc' dir='ltr'>ἕλκει</span> <span class='ocrx_word' id='word_1_147' title='bbox 1315 1247 1397 1272; x_wconf 85' lang='grc'><strong>11011</strong></span> <span class='ocrx_word' id='word_1_148' title='bbox 1424 1231 1531 1272; x_wconf 90' lang='lat' dir='ltr'>male</span> <span class='ocrx_word' id='word_1_149' title='bbox 1554 1245 1642 1270; x_wconf 87' lang='lat' dir='ltr'>suc-</span> 
     </span>
     <span class='ocr_line' id='line_1_20' title="bbox 127 1287 1644 1345; baseline -0.003 -15"><span class='ocrx_word' id='word_1_150' title='bbox 127 1290 266 1331; x_wconf 84' lang='lat' dir='ltr'>cedit:</span> <span class='ocrx_word' id='word_1_151' title='bbox 300 1291 371 1329; x_wconf 92' lang='lat' dir='ltr'>sed</span> <span class='ocrx_word' id='word_1_152' title='bbox 400 1290 579 1330; x_wconf 87' lang='lat' dir='ltr'>alterum</span> <span class='ocrx_word' id='word_1_153' title='bbox 608 1291 784 1340; x_wconf 83' lang='grc' dir='ltr'>βιάζεται</span> <span class='ocrx_word' id='word_1_154' title='bbox 814 1305 1009 1345; x_wconf 77' lang='lat' dir='ltr'>perversa</span> <span class='ocrx_word' id='word_1_155' title='bbox 1038 1290 1162 1344; x_wconf 87' lang='lat' dir='ltr'>plane</span> <span class='ocrx_word' id='word_1_156' title='bbox 1193 1289 1355 1330; x_wconf 89' lang='lat' dir='ltr'>ratione</span> <span class='ocrx_word' id='word_1_157' title='bbox 1385 1288 1563 1328; x_wconf 87' lang='lat' dir='ltr'>vertitur</span> <span class='ocrx_word' id='word_1_158' title='bbox 1590 1287 1644 1327; x_wconf 85' lang='lat' dir='ltr'>ab</span> 
     </span>
     <span class='ocr_line' id='line_1_21' title="bbox 129 1345 1645 1398; baseline -0.003 -12"><span class='ocrx_word' id='word_1_159' title='bbox 129 1347 198 1387; x_wconf 90' lang='lat' dir='ltr'>illo</span> <span class='ocrx_word' id='word_1_160' title='bbox 220 1347 279 1387; x_wconf 84' lang='lat' dir='ltr'>ita</span> <span class='ocrx_word' id='word_1_161' title='bbox 303 1352 326 1368; x_wconf 66' lang='lat'>‘⁹</span> <span class='ocrx_word' id='word_1_162' title='bbox 342 1346 520 1397; x_wconf 82' lang='lat' dir='ltr'>(Midias</span> <span class='ocrx_word' id='word_1_163' title='bbox 547 1352 744 1387; x_wconf 87' lang='lat' dir='ltr'>naturam</span> <span class='ocrx_word' id='word_1_164' title='bbox 773 1348 909 1398; x_wconf 83' lang='lat' dir='ltr'>suain)</span> <span class='ocrx_word' id='word_1_165' title='bbox 933 1361 1026 1386; x_wconf 87' lang='lat' dir='ltr'>cum</span> <span class='ocrx_word' id='word_1_166' title='bbox 1048 1346 1243 1386; x_wconf 87' lang='lat' dir='ltr'>violentia</span> <span class='ocrx_word' id='word_1_167' title='bbox 1268 1350 1311 1386; x_wconf 89' lang='lat' dir='ltr'>et</span> <span class='ocrx_word' id='word_1_168' title='bbox 1331 1345 1489 1398; x_wconf 88' lang='lat' dir='ltr'>impetu</span> <span class='ocrx_word' id='word_1_169' title='bbox 1517 1357 1645 1384; x_wconf 58' lang='lat' dir='ltr'>aream-</span> 
     </span>
     <span class='ocr_line' id='line_1_22' title="bbox 119 1400 1645 1457; baseline -0.003 -14"><span class='ocrx_word' id='word_1_170' title='bbox 119 1418 217 1457; x_wconf 75' lang='lat' dir='ltr'>pere</span> <span class='ocrx_word' id='word_1_171' title='bbox 257 1403 392 1457; x_wconf 57' lang='lat' dir='ltr'>coyitf&#39;</span> <span class='ocrx_word' id='word_1_172' title='bbox 460 1403 592 1442; x_wconf 88' lang='lat' dir='ltr'>Immo</span> <span class='ocrx_word' id='word_1_173' title='bbox 633 1409 676 1443; x_wconf 87' lang='lat' dir='ltr'>et</span> <span class='ocrx_word' id='word_1_174' title='bbox 716 1404 937 1443; x_wconf 86' lang='lat' dir='ltr'>verborum</span> <span class='ocrx_word' id='word_1_175' title='bbox 978 1408 1021 1443; x_wconf 90' lang='lat' dir='ltr'>et</span> <span class='ocrx_word' id='word_1_176' title='bbox 1062 1417 1257 1442; x_wconf 87' lang='lat' dir='ltr'>sensuum</span> <span class='ocrx_word' id='word_1_177' title='bbox 1297 1400 1500 1442; x_wconf 84' lang='lat' dir='ltr'>naturalis</span> <span class='ocrx_word' id='word_1_178' title='bbox 1542 1400 1645 1439; x_wconf 85' lang='lat' dir='ltr'>ordo</span> 
     </span>
     <span class='ocr_line' id='line_1_23' title="bbox 128 1457 1646 1512; baseline -0.003 -13"><span class='ocrx_word' id='word_1_179' title='bbox 128 1459 255 1500; x_wconf 85' lang='lat' dir='ltr'>vincit</span> <span class='ocrx_word' id='word_1_180' title='bbox 286 1459 449 1499; x_wconf 87' lang='lat' dir='ltr'>traduci</span> <span class='ocrx_word' id='word_1_181' title='bbox 484 1459 550 1499; x_wconf 91' lang='lat' dir='ltr'>hic</span> <span class='ocrx_word' id='word_1_182' title='bbox 584 1459 773 1507; x_wconf 78' lang='lat' dir='ltr'>Midiam‚</span> <span class='ocrx_word' id='word_1_183' title='bbox 807 1464 855 1499; x_wconf 93' lang='lat' dir='ltr'>ut</span> <span class='ocrx_word' id='word_1_184' title='bbox 886 1459 955 1512; x_wconf 89' lang='lat' dir='ltr'>qui</span> <span class='ocrx_word' id='word_1_185' title='bbox 990 1459 1097 1499; x_wconf 80' lang='lat' dir='ltr'>sicut</span> <span class='ocrx_word' id='word_1_186' title='bbox 1128 1458 1281 1499; x_wconf 85' lang='lat' dir='ltr'>animal</span> <span class='ocrx_word' id='word_1_187' title='bbox 1313 1464 1354 1498; x_wconf 90' lang='lat' dir='ltr'>et</span> <span class='ocrx_word' id='word_1_188' title='bbox 1386 1457 1573 1497; x_wconf 68' lang='lat' dir='ltr'>trahatur</span> <span class='ocrx_word' id='word_1_189' title='bbox 1603 1460 1646 1496; x_wconf 86' lang='lat' dir='ltr'>et</span> 
     </span>
     <span class='ocr_line' id='line_1_24' title="bbox 129 1513 1645 1570; baseline -0.003 -14"><span class='ocrx_word' id='word_1_190' title='bbox 129 1523 291 1570; x_wconf 63' lang='grc' dir='ltr'>θυραίαν</span> <span class='ocrx_word' id='word_1_191' title='bbox 321 1517 375 1556; x_wconf 85' lang='lat' dir='ltr'>ab</span> <span class='ocrx_word' id='word_1_192' title='bbox 412 1515 570 1569; x_wconf 88' lang='lat' dir='ltr'>impetu</span> <span class='ocrx_word' id='word_1_193' title='bbox 602 1515 750 1555; x_wconf 82' lang='lat' dir='ltr'>ferocis</span> <span class='ocrx_word' id='word_1_194' title='bbox 783 1520 826 1556; x_wconf 92' lang='lat' dir='ltr'>et</span> <span class='ocrx_word' id='word_1_195' title='bbox 858 1516 1065 1556; x_wconf 83' lang='lat' dir='ltr'>barbarae</span> <span class='ocrx_word' id='word_1_196' title='bbox 1098 1515 1246 1555; x_wconf 83' lang='lat' dir='ltr'>indolis</span> <span class='ocrx_word' id='word_1_197' title='bbox 1282 1529 1392 1559; x_wconf 65' lang='lat' dir='ltr'>suae,</span> <span class='ocrx_word' id='word_1_198' title='bbox 1426 1527 1532 1567; x_wconf 87' lang='lat' dir='ltr'>quae</span> <span class='ocrx_word' id='word_1_199' title='bbox 1567 1513 1645 1552; x_wconf 86' lang='lat' dir='ltr'>hac</span> 
     </span>
     <span class='ocr_line' id='line_1_25' title="bbox 129 1569 1646 1624; baseline -0.002 -13"><span class='ocrx_word' id='word_1_200' title='bbox 129 1572 292 1613; x_wconf 89' lang='lat' dir='ltr'>ratione</span> <span class='ocrx_word' id='word_1_201' title='bbox 321 1574 496 1623; x_wconf 84' lang='grc' dir='ltr'>φανερὸν</span> <span class='ocrx_word' id='word_1_202' title='bbox 524 1575 629 1612; x_wconf 85' lang='grc' dir='ltr'>ποιεῖ</span> <span class='ocrx_word' id='word_1_203' title='bbox 654 1572 1045 1624; x_wconf 77' lang='grc' dir='ltr'>αὐτὸν-χρώμενον.</span> <span class='ocrx_word' id='word_1_204' title='bbox 1107 1571 1170 1612; x_wconf 79' lang='lat' dir='ltr'>Of.</span> <span class='ocrx_word' id='word_1_205' title='bbox 1198 1570 1326 1611; x_wconf 89' lang='lat' dir='ltr'>etiam</span> <span class='ocrx_word' id='word_1_206' title='bbox 1354 1570 1462 1610; x_wconf 86' lang='lat' dir='ltr'>infra</span> <span class='ocrx_word' id='word_1_207' title='bbox 1488 1584 1528 1624; x_wconf 90' lang='lat' dir='ltr'>p.</span> <span class='ocrx_word' id='word_1_208' title='bbox 1548 1569 1646 1623; x_wconf 85' lang='grc'><em>585,</em></span> 
     </span>
     <span class='ocr_line' id='line_1_26' title="bbox 130 1627 1329 1669; baseline -0.003 0"><span class='ocrx_word' id='word_1_209' title='bbox 130 1629 201 1669; x_wconf 91' lang='lat' dir='ltr'>ubi</span> <span class='ocrx_word' id='word_1_210' title='bbox 225 1630 353 1669; x_wconf 82' lang='grc' dir='ltr'>ἕλκειν</span> <span class='ocrx_word' id='word_1_211' title='bbox 374 1633 631 1668; x_wconf 87' lang='lat' dir='ltr'>memoratur</span> <span class='ocrx_word' id='word_1_212' title='bbox 651 1628 761 1668; x_wconf 89' lang='lat' dir='ltr'>inter</span> <span class='ocrx_word' id='word_1_213' title='bbox 783 1628 1066 1668; x_wconf 87' lang='lat' dir='ltr'>contumelias.</span> <span class='ocrx_word' id='word_1_214' title='bbox 1102 1627 1329 1667; x_wconf 86' lang='lat' dir='ltr'>BUTTM.</span> 
     </span>
    </p>

    <p class='ocr_par' dir='ltr' id='par_1_7' title="bbox 130 1681 1653 2186">
     <span class='ocr_line' id='line_1_27' title="bbox 187 1681 1650 1740; baseline -0.003 -16"><span class='ocrx_word' id='word_1_215' title='bbox 187 1686 286 1740; x_wconf 83' lang='lat'><em>563,</em></span> <span class='ocrx_word' id='word_1_216' title='bbox 315 1699 375 1736; x_wconf 87' lang='lat'>14.</span> <span class='ocrx_word' id='word_1_217' title='bbox 414 1685 565 1725; x_wconf 85' lang='lat' dir='ltr'>Potest</span> <span class='ocrx_word' id='word_1_218' title='bbox 600 1687 767 1736; x_wconf 81' lang='grc' dir='ltr'>παροῦσι</span> <span class='ocrx_word' id='word_1_219' title='bbox 803 1699 878 1739; x_wconf 87' lang='lat' dir='ltr'>pro</span> <span class='ocrx_word' id='word_1_220' title='bbox 915 1689 1065 1725; x_wconf 87' lang='lat' dir='ltr'>neutro</span> <span class='ocrx_word' id='word_1_221' title='bbox 1098 1683 1254 1731; x_wconf 70' lang='lat' dir='ltr'>haberi7</span> <span class='ocrx_word' id='word_1_222' title='bbox 1289 1688 1337 1724; x_wconf 90' lang='lat' dir='ltr'>ut</span> <span class='ocrx_word' id='word_1_223' title='bbox 1373 1681 1650 1723; x_wconf 77' lang='lat' dir='ltr'>subaudiatur</span> 
     </span>
     <span class='ocr_line' id='line_1_28' title="bbox 130 1737 1650 1793; baseline -0.003 -12"><span class='ocrx_word' id='word_1_224' title='bbox 130 1742 369 1793; x_wconf 78' lang='grc' dir='ltr'>πράγμασιν,</span> <span class='ocrx_word' id='word_1_225' title='bbox 402 1745 445 1781; x_wconf 88' lang='lat' dir='ltr'>et</span> <span class='ocrx_word' id='word_1_226' title='bbox 476 1746 576 1781; x_wconf 84' lang='lat' dir='ltr'>tuno</span> <span class='ocrx_word' id='word_1_227' title='bbox 607 1745 731 1781; x_wconf 85' lang='lat' dir='ltr'>erunt</span> <span class='ocrx_word' id='word_1_228' title='bbox 766 1743 814 1781; x_wconf 79' lang='grc' dir='ltr'>τὰ</span> <span class='ocrx_word' id='word_1_229' title='bbox 848 1743 1023 1792; x_wconf 88' lang='grc' dir='ltr'>παρόντα</span> <span class='ocrx_word' id='word_1_230' title='bbox 1055 1740 1262 1792; x_wconf 84' lang='grc' dir='ltr'>πράγματα</span> <span class='ocrx_word' id='word_1_231' title='bbox 1295 1739 1440 1780; x_wconf 81' lang='lat' dir='ltr'>civitas</span> <span class='ocrx_word' id='word_1_232' title='bbox 1471 1737 1650 1778; x_wconf 89' lang='lat' dir='ltr'>Atheni-</span> 
     </span>
     <span class='ocr_line' id='line_1_29' title="bbox 131 1796 1650 1851; baseline -0.002 -14"><span class='ocrx_word' id='word_1_233' title='bbox 131 1797 255 1846; x_wconf 83' lang='lat' dir='ltr'>ensis,</span> <span class='ocrx_word' id='word_1_234' title='bbox 277 1812 402 1851; x_wconf 87' lang='lat' dir='ltr'>quam</span> <span class='ocrx_word' id='word_1_235' title='bbox 424 1803 572 1838; x_wconf 85' lang='lat' dir='ltr'>nactus</span> <span class='ocrx_word' id='word_1_236' title='bbox 598 1802 662 1837; x_wconf 92' lang='lat' dir='ltr'>est</span> <span class='ocrx_word' id='word_1_237' title='bbox 685 1796 841 1837; x_wconf 84' lang='lat' dir='ltr'>Midias</span> <span class='ocrx_word' id='word_1_238' title='bbox 863 1811 945 1836; x_wconf 90' lang='lat' dir='ltr'>non</span> <span class='ocrx_word' id='word_1_239' title='bbox 974 1796 1051 1836; x_wconf 86' lang='lat' dir='ltr'>sibi</span> <span class='ocrx_word' id='word_1_240' title='bbox 1074 1797 1274 1836; x_wconf 85' lang='lat' dir='ltr'>debitam.</span> <span class='ocrx_word' id='word_1_241' title='bbox 1336 1796 1486 1835; x_wconf 89' lang='lat' dir='ltr'>Potest</span> <span class='ocrx_word' id='word_1_242' title='bbox 1508 1799 1650 1835; x_wconf 86' lang='lat' dir='ltr'>tamen</span> 
     </span>
     <span class='ocr_line' id='line_1_30' title="bbox 132 1851 1652 1907; baseline -0.003 -13"><span class='ocrx_word' id='word_1_243' title='bbox 132 1853 260 1894; x_wconf 90' lang='lat' dir='ltr'>etiam</span> <span class='ocrx_word' id='word_1_244' title='bbox 279 1868 356 1907; x_wconf 87' lang='lat' dir='ltr'>pro</span> <span class='ocrx_word' id='word_1_245' title='bbox 383 1854 623 1902; x_wconf 75' lang='lat' dir='ltr'>masculino,</span> <span class='ocrx_word' id='word_1_246' title='bbox 646 1858 694 1893; x_wconf 91' lang='lat' dir='ltr'>ut</span> <span class='ocrx_word' id='word_1_247' title='bbox 719 1854 927 1893; x_wconf 85' lang='lat' dir='ltr'>referatur</span> <span class='ocrx_word' id='word_1_248' title='bbox 954 1853 1007 1893; x_wconf 91' lang='lat' dir='ltr'>ad</span> <span class='ocrx_word' id='word_1_249' title='bbox 1031 1854 1162 1903; x_wconf 87' lang='grc' dir='ltr'>νόμοις</span> <span class='ocrx_word' id='word_1_250' title='bbox 1186 1852 1272 1892; x_wconf 89' lang='lat' dir='ltr'>ita:</span> <span class='ocrx_word' id='word_1_251' title='bbox 1308 1852 1491 1906; x_wconf 80' lang='lat' dir='ltr'>Legibus</span> <span class='ocrx_word' id='word_1_252' title='bbox 1517 1851 1652 1891; x_wconf 88' lang='lat' dir='ltr'>utitur</span> 
     </span>
     <span class='ocr_line' id='line_1_31' title="bbox 131 1907 1652 1964; baseline -0.002 -15"><span class='ocrx_word' id='word_1_253' title='bbox 131 1910 434 1964; x_wconf 71' lang='lat' dir='ltr'>praesentibus,</span> <span class='ocrx_word' id='word_1_254' title='bbox 457 1911 499 1950; x_wconf 88' lang='lat' dir='ltr'>h.</span> <span class='ocrx_word' id='word_1_255' title='bbox 523 1925 556 1950; x_wconf 94' lang='lat' dir='ltr'>e.</span> <span class='ocrx_word' id='word_1_256' title='bbox 579 1909 748 1959; x_wconf 80' lang='lat' dir='ltr'>nostris,</span> <span class='ocrx_word' id='word_1_257' title='bbox 771 1916 972 1963; x_wconf 83' lang='lat' dir='ltr'>tanquam</span> <span class='ocrx_word' id='word_1_258' title='bbox 996 1909 1073 1949; x_wconf 89' lang='lat' dir='ltr'>sibi</span> <span class='ocrx_word' id='word_1_259' title='bbox 1095 1924 1178 1949; x_wconf 92' lang='lat' dir='ltr'>non</span> <span class='ocrx_word' id='word_1_260' title='bbox 1200 1908 1378 1963; x_wconf 66' lang='lat' dir='ltr'>scriptis⁷</span> <span class='ocrx_word' id='word_1_261' title='bbox 1401 1908 1441 1948; x_wconf 92' lang='lat' dir='ltr'>h.</span> <span class='ocrx_word' id='word_1_262' title='bbox 1466 1922 1500 1947; x_wconf 90' lang='lat' dir='ltr'>e.</span> <span class='ocrx_word' id='word_1_263' title='bbox 1522 1907 1652 1947; x_wconf 84' lang='lat' dir='ltr'>violat</span> 
     </span>
     <span class='ocr_line' id='line_1_32' title="bbox 132 1963 1652 2021; baseline -0.003 -15"><span class='ocrx_word' id='word_1_264' title='bbox 132 1967 257 2021; x_wconf 79' lang='lat' dir='ltr'>leges.</span> <span class='ocrx_word' id='word_1_265' title='bbox 318 1966 387 2005; x_wconf 85' lang='lat' dir='ltr'>Ad</span> <span class='ocrx_word' id='word_1_266' title='bbox 425 1966 745 2007; x_wconf 86' lang='lat' dir='ltr'>sustentandam</span> <span class='ocrx_word' id='word_1_267' title='bbox 776 1972 917 2006; x_wconf 87' lang='lat' dir='ltr'>tamen</span> <span class='ocrx_word' id='word_1_268' title='bbox 951 1966 1131 2020; x_wconf 84' lang='lat' dir='ltr'>priorem</span> <span class='ocrx_word' id='word_1_269' title='bbox 1166 1965 1372 2005; x_wconf 88' lang='lat' dir='ltr'>rationem</span> <span class='ocrx_word' id='word_1_270' title='bbox 1405 1963 1505 2004; x_wconf 81' lang='lat' dir='ltr'>facit</span> <span class='ocrx_word' id='word_1_271' title='bbox 1537 1963 1652 2003; x_wconf 90' lang='lat' dir='ltr'>locus</span> 
     </span>
     <span class='ocr_line' id='line_1_33' title="bbox 135 2020 1653 2076; baseline -0.002 -14"><span class='ocrx_word' id='word_1_272' title='bbox 135 2023 272 2062; x_wconf 78' lang='lat' dir='ltr'>Thuc.</span> <span class='ocrx_word' id='word_1_273' title='bbox 304 2037 333 2070; x_wconf 76' lang='grc'>1,</span> <span class='ocrx_word' id='word_1_274' title='bbox 366 2036 465 2076; x_wconf 61' lang='lat'>132„</span> <span class='ocrx_word' id='word_1_275' title='bbox 496 2022 567 2062; x_wconf 90' lang='lat' dir='ltr'>ubi</span> <span class='ocrx_word' id='word_1_276' title='bbox 605 2022 837 2062; x_wconf 86' lang='lat' dir='ltr'>Pausanias</span> <span class='ocrx_word' id='word_1_277' title='bbox 872 2022 1025 2062; x_wconf 82' lang='lat' dir='ltr'>dicitur</span> <span class='ocrx_word' id='word_1_278' title='bbox 1061 2026 1278 2075; x_wconf 86' lang='lat' dir='ltr'>suspectus</span> <span class='ocrx_word' id='word_1_279' title='bbox 1314 2021 1440 2061; x_wconf 87' lang='lat' dir='ltr'>fuisse</span> <span class='ocrx_word' id='word_1_280' title='bbox 1474 2020 1525 2071; x_wconf 81' lang='grc' dir='ltr'>μὴ</span> <span class='ocrx_word' id='word_1_281' title='bbox 1563 2022 1653 2060; x_wconf 83' lang='grc' dir='ltr'>ἴσον</span> 
     </span>
     <span class='ocr_line' id='line_1_34' title="bbox 134 2075 1653 2130; baseline -0.003 -11"><span class='ocrx_word' id='word_1_282' title='bbox 134 2081 352 2129; x_wconf 89' lang='grc' dir='ltr'>βούλεσθαι</span> <span class='ocrx_word' id='word_1_283' title='bbox 374 2082 452 2121; x_wconf 86' lang='grc' dir='ltr'>τοῖς</span> <span class='ocrx_word' id='word_1_284' title='bbox 470 2083 650 2130; x_wconf 82' lang='grc' dir='ltr'>παροῦσι.</span> <span class='ocrx_word' id='word_1_285' title='bbox 714 2080 821 2118; x_wconf 82' lang='lat' dir='ltr'>Sunt</span> <span class='ocrx_word' id='word_1_286' title='bbox 842 2083 983 2119; x_wconf 89' lang='lat' dir='ltr'>autem</span> <span class='ocrx_word' id='word_1_287' title='bbox 1005 2080 1053 2118; x_wconf 81' lang='grc' dir='ltr'>τὰ</span> <span class='ocrx_word' id='word_1_288' title='bbox 1074 2080 1249 2129; x_wconf 87' lang='grc' dir='ltr'>παρόντα</span> <span class='ocrx_word' id='word_1_289' title='bbox 1268 2078 1370 2118; x_wconf 82' lang='lat' dir='ltr'>haec</span> <span class='ocrx_word' id='word_1_290' title='bbox 1391 2078 1503 2129; x_wconf 66' lang='lat' dir='ltr'>leges</span> <span class='ocrx_word' id='word_1_291' title='bbox 1524 2075 1653 2116; x_wconf 83' lang='lat' dir='ltr'>maxi-</span> 
     </span>
     <span class='ocr_line' id='line_1_35' title="bbox 135 2130 1526 2186; baseline -0.001 -12"><span class='ocrx_word' id='word_1_292' title='bbox 135 2149 201 2175; x_wconf 89' lang='lat' dir='ltr'>me</span> <span class='ocrx_word' id='word_1_293' title='bbox 219 2152 229 2181; x_wconf 80' lang='lat'>3</span> <span class='ocrx_word' id='word_1_294' title='bbox 264 2140 310 2175; x_wconf 91' lang='lat' dir='ltr'>ut</span> <span class='ocrx_word' id='word_1_295' title='bbox 333 2149 499 2175; x_wconf 86' lang='lat' dir='ltr'>sensum</span> <span class='ocrx_word' id='word_1_296' title='bbox 520 2135 643 2175; x_wconf 86' lang='lat' dir='ltr'>modo</span> <span class='ocrx_word' id='word_1_297' title='bbox 665 2134 893 2175; x_wconf 87' lang='lat' dir='ltr'>indicatum</span> <span class='ocrx_word' id='word_1_298' title='bbox 915 2139 1051 2175; x_wconf 82' lang='lat' dir='ltr'>servet</span> <span class='ocrx_word' id='word_1_299' title='bbox 1072 2134 1172 2173; x_wconf 89' lang='lat' dir='ltr'>illud</span> <span class='ocrx_word' id='word_1_300' title='bbox 1193 2136 1409 2186; x_wconf 83' lang='grc' dir='ltr'>χρώμενον.</span> <span class='ocrx_word' id='word_1_301' title='bbox 1437 2130 1526 2173; x_wconf 79' lang='lat' dir='ltr'>SP.</span> 
     </span>
    </p>

    <p class='ocr_par' dir='ltr' id='par_1_8' title="bbox 135 2190 1655 2410">
     <span class='ocr_line' id='line_1_36' title="bbox 192 2190 1654 2245; baseline -0.002 -14"><span class='ocrx_word' id='word_1_302' title='bbox 192 2193 288 2245; x_wconf 79' lang='grc'><em>563,</em></span> <span class='ocrx_word' id='word_1_303' title='bbox 318 2203 376 2243; x_wconf 82' lang='grc'>17.</span> <span class='ocrx_word' id='word_1_304' title='bbox 406 2193 642 2232; x_wconf 79' lang='grc' dir='ltr'>ὄντων-ὧν</span> <span class='ocrx_word' id='word_1_305' title='bbox 668 2192 880 2245; x_wconf 80' lang='grc' dir='ltr'>βεβίωται]</span> <span class='ocrx_word' id='word_1_306' title='bbox 910 2191 1127 2231; x_wconf 83' lang='lat' dir='ltr'>Attractio</span> <span class='ocrx_word' id='word_1_307' title='bbox 1154 2190 1329 2231; x_wconf 86' lang='lat' dir='ltr'>vitiosa:</span> <span class='ocrx_word' id='word_1_308' title='bbox 1362 2204 1459 2230; x_wconf 86' lang='lat' dir='ltr'>nam</span> <span class='ocrx_word' id='word_1_309' title='bbox 1487 2203 1654 2229; x_wconf 86' lang='lat' dir='ltr'>accusa-</span> 
     </span>
     <span class='ocr_line' id='line_1_37' title="bbox 135 2246 1654 2300; baseline -0.002 -13"><span class='ocrx_word' id='word_1_310' title='bbox 135 2247 265 2288; x_wconf 88' lang='lat' dir='ltr'>tivum</span> <span class='ocrx_word' id='word_1_311' title='bbox 288 2247 510 2296; x_wconf 78' lang='lat' dir='ltr'>duntaxat,</span> <span class='ocrx_word' id='word_1_312' title='bbox 534 2262 616 2287; x_wconf 91' lang='lat' dir='ltr'>non</span> <span class='ocrx_word' id='word_1_313' title='bbox 644 2247 947 2288; x_wconf 85' lang='lat' dir='ltr'>nominativum</span> <span class='ocrx_word' id='word_1_314' title='bbox 969 2247 1150 2288; x_wconf 86' lang='lat' dir='ltr'>attrahit</span> <span class='ocrx_word' id='word_1_315' title='bbox 1177 2261 1296 2287; x_wconf 86' lang='lat' dir='ltr'>casus</span> <span class='ocrx_word' id='word_1_316' title='bbox 1317 2246 1583 2300; x_wconf 87' lang='lat' dir='ltr'>praecedens,</span> <span class='ocrx_word' id='word_1_317' title='bbox 1606 2249 1654 2284; x_wconf 89' lang='lat' dir='ltr'>ut</span> 
     </span>
     <span class='ocr_line' id='line_1_38' title="bbox 135 2302 1655 2358; baseline -0.001 -15"><span class='ocrx_word' id='word_1_318' title='bbox 135 2309 277 2344; x_wconf 89' lang='lat' dir='ltr'>monet</span> <span class='ocrx_word' id='word_1_319' title='bbox 300 2304 596 2345; x_wconf 85' lang='lat' dir='ltr'>Buttlnannus.</span> <span class='ocrx_word' id='word_1_320' title='bbox 659 2304 934 2344; x_wconf 83' lang='lat' dir='ltr'>Scribendum</span> <span class='ocrx_word' id='word_1_321' title='bbox 954 2304 1085 2358; x_wconf 77' lang='lat' dir='ltr'>igitur</span> <span class='ocrx_word' id='word_1_322' title='bbox 1106 2318 1156 2344; x_wconf 88' lang='lat' dir='ltr'>ex</span> <span class='ocrx_word' id='word_1_323' title='bbox 1177 2303 1268 2343; x_wconf 87' lang='lat' dir='ltr'>aliis</span> <span class='ocrx_word' id='word_1_324' title='bbox 1290 2302 1406 2343; x_wconf 86' lang='lat' dir='ltr'>libris</span> <span class='ocrx_word' id='word_1_325' title='bbox 1427 2303 1552 2342; x_wconf 84' lang='grc' dir='ltr'>ὄντων</span> <span class='ocrx_word' id='word_1_326' title='bbox 1573 2302 1655 2341; x_wconf 71' lang='grc' dir='ltr'>’δι-</span> 
     </span>
     <span class='ocr_line' id='line_1_39' title="bbox 135 2361 338 2410; baseline 0 -10"><span class='ocrx_word' id='word_1_327' title='bbox 135 2361 338 2410; x_wconf 82' lang='grc' dir='ltr'>βεβίωται.</span> 
     </span>
    </p>

    <p class='ocr_par' dir='ltr' id='par_1_9' title="bbox 138 2413 1656 2638">
     <span class='ocr_line' id='line_1_40' title="bbox 194 2413 1655 2469; baseline -0.002 -14"><span class='ocrx_word' id='word_1_328' title='bbox 194 2418 290 2469; x_wconf 65' lang='grc'><em>563,</em></span> <span class='ocrx_word' id='word_1_329' title='bbox 318 2428 381 2455; x_wconf 80' lang='lat'>21.</span> <span class='ocrx_word' id='word_1_330' title='bbox 421 2416 551 2466; x_wconf 82' lang='grc' dir='ltr'>ἐπειδή</span> <span class='ocrx_word' id='word_1_331' title='bbox 581 2433 628 2466; x_wconf 94' lang='grc' dir='ltr'>με</span> <span class='ocrx_word' id='word_1_332' title='bbox 663 2416 714 2466; x_wconf 76' lang='grc' dir='ltr'>μὴ</span> <span class='ocrx_word' id='word_1_333' title='bbox 751 2415 943 2469; x_wconf 84' lang='grc' dir='ltr'>πείθοιεν]</span> <span class='ocrx_word' id='word_1_334' title='bbox 978 2416 1203 2469; x_wconf 69' lang='lat' dir='ltr'>optativus</span> <span class='ocrx_word' id='word_1_335' title='bbox 1239 2414 1397 2455; x_wconf 80' lang='lat' dir='ltr'>indicat</span> <span class='ocrx_word' id='word_1_336' title='bbox 1428 2413 1655 2454; x_wconf 80' lang='lat' dir='ltr'>familiares</span> 
     </span>
     <span class='ocr_line' id='line_1_41' title="bbox 141 2469 1656 2525; baseline -0.003 -13"><span class='ocrx_word' id='word_1_337' title='bbox 141 2472 299 2512; x_wconf 84' lang='lat' dir='ltr'>Midiae</span> <span class='ocrx_word' id='word_1_338' title='bbox 339 2472 664 2512; x_wconf 84' lang='lat' dir='ltr'>Demosthenem</span> <span class='ocrx_word' id='word_1_339' title='bbox 701 2471 929 2511; x_wconf 84' lang='lat' dir='ltr'>identidem</span> <span class='ocrx_word' id='word_1_340' title='bbox 970 2472 1278 2525; x_wconf 85' lang='lat' dir='ltr'>compellavisse</span> <span class='ocrx_word' id='word_1_341' title='bbox 1314 2471 1366 2510; x_wconf 92' lang='lat' dir='ltr'>de</span> <span class='ocrx_word' id='word_1_342' title='bbox 1400 2471 1474 2510; x_wconf 90' lang='lat' dir='ltr'>lite</span> <span class='ocrx_word' id='word_1_343' title='bbox 1513 2469 1656 2523; x_wconf 84' lang='lat' dir='ltr'>abjici-</span> 
     </span>
     <span class='ocr_line' id='line_1_42' title="bbox 138 2525 1656 2581; baseline -0.003 -13"><span class='ocrx_word' id='word_1_344' title='bbox 138 2529 258 2569; x_wconf 91' lang='lat' dir='ltr'>enda.</span> <span class='ocrx_word' id='word_1_345' title='bbox 319 2528 437 2579; x_wconf 75' lang='lat' dir='ltr'>,Quae</span> <span class='ocrx_word' id='word_1_346' title='bbox 471 2528 569 2568; x_wconf 89' lang='lat' dir='ltr'>item</span> <span class='ocrx_word' id='word_1_347' title='bbox 605 2543 751 2568; x_wconf 81' lang='lat' dir='ltr'>caussa</span> <span class='ocrx_word' id='word_1_348' title='bbox 786 2532 849 2568; x_wconf 87' lang='lat' dir='ltr'>est</span> <span class='ocrx_word' id='word_1_349' title='bbox 882 2527 1044 2581; x_wconf 87' lang='lat' dir='ltr'>positae</span> <span class='ocrx_word' id='word_1_350' title='bbox 1078 2528 1297 2580; x_wconf 68' lang='lat' dir='ltr'>negativae</span> <span class='ocrx_word' id='word_1_351' title='bbox 1329 2527 1391 2577; x_wconf 89' lang='grc' dir='ltr'>μή.</span> <span class='ocrx_word' id='word_1_352' title='bbox 1454 2525 1588 2566; x_wconf 81' lang='lat' dir='ltr'>Semel</span> <span class='ocrx_word' id='word_1_353' title='bbox 1622 2525 1656 2564; x_wconf 88' lang='lat' dir='ltr'>si</span> 
     </span>
     <span class='ocr_line' id='line_1_43' title="bbox 140 2580 1655 2638; baseline -0.002 -14"><span class='ocrx_word' id='word_1_354' title='bbox 140 2585 205 2624; x_wconf 91' lang='lat' dir='ltr'>ille</span> <span class='ocrx_word' id='word_1_355' title='bbox 227 2584 498 2638; x_wconf 84' lang='lat' dir='ltr'>compellatus</span> <span class='ocrx_word' id='word_1_356' title='bbox 523 2584 681 2632; x_wconf 79' lang='lat' dir='ltr'>fuisset,</span> <span class='ocrx_word' id='word_1_357' title='bbox 705 2584 905 2637; x_wconf 88' lang='lat' dir='ltr'>seriptum</span> <span class='ocrx_word' id='word_1_358' title='bbox 927 2580 1158 2637; x_wconf 66' lang='lat' dir='ltr'>legeremus</span> <span class='ocrx_word' id='word_1_359' title='bbox 1181 2583 1311 2632; x_wconf 84' lang='grc' dir='ltr'>ἐπειδή</span> <span class='ocrx_word' id='word_1_360' title='bbox 1335 2582 1371 2633; x_wconf 90' lang='grc' dir='ltr'>μ’</span> <span class='ocrx_word' id='word_1_361' title='bbox 1396 2583 1462 2622; x_wconf 83' lang='grc' dir='ltr'>οὐκ</span> <span class='ocrx_word' id='word_1_362' title='bbox 1486 2583 1655 2622; x_wconf 86' lang='grc' dir='ltr'>ἔπειθον.</span> 
     </span>
    </p>

    <p class='ocr_par' dir='ltr' id='par_1_10' title="bbox 141 2693 1660 2865">
     <span class='ocr_line' id='line_1_44' title="bbox 197 2693 1660 2752; baseline -0.002 -17"><span class='ocrx_word' id='word_1_363' title='bbox 197 2699 293 2752; x_wconf 69' lang='lat'>563,</span> <span class='ocrx_word' id='word_1_364' title='bbox 330 2710 396 2749; x_wconf 85' lang='lat'>24.</span> <span class='ocrx_word' id='word_1_365' title='bbox 438 2696 748 2748; x_wconf 78' lang='grc' dir='ltr'>κατεψήφισται]</span> <span class='ocrx_word' id='word_1_366' title='bbox 789 2695 994 2734; x_wconf 79' lang='lat' dir='ltr'>Nimirum</span> <span class='ocrx_word' id='word_1_367' title='bbox 1036 2696 1077 2734; x_wconf 88' lang='lat' dir='ltr'>in</span> <span class='ocrx_word' id='word_1_368' title='bbox 1118 2698 1311 2746; x_wconf 84' lang='grc' dir='ltr'>προβολῇ.</span> <span class='ocrx_word' id='word_1_369' title='bbox 1388 2694 1482 2733; x_wconf 86' lang='lat' dir='ltr'>Hoc</span> <span class='ocrx_word' id='word_1_370' title='bbox 1528 2693 1660 2747; x_wconf 78' lang='lat' dir='ltr'>igitur</span> 
     </span>
     <span class='ocr_line' id='line_1_45' title="bbox 141 2750 1659 2807; baseline -0.003 -13"><span class='ocrx_word' id='word_1_371' title='bbox 141 2754 288 2807; x_wconf 83' lang='lat' dir='ltr'>ajunt:</span> <span class='ocrx_word' id='word_1_372' title='bbox 324 2753 596 2794; x_wconf 79' lang='lat' dir='ltr'>Satisfaetum</span> <span class='ocrx_word' id='word_1_373' title='bbox 622 2752 699 2792; x_wconf 87' lang='lat' dir='ltr'>tibi</span> <span class='ocrx_word' id='word_1_374' title='bbox 725 2753 814 2805; x_wconf 88' lang='lat' dir='ltr'>jam</span> <span class='ocrx_word' id='word_1_375' title='bbox 845 2757 934 2791; x_wconf 88' lang='lat' dir='ltr'>est:</span> <span class='ocrx_word' id='word_1_376' title='bbox 969 2756 1016 2791; x_wconf 90' lang='lat' dir='ltr'>ut</span> <span class='ocrx_word' id='word_1_377' title='bbox 1043 2751 1143 2790; x_wconf 85' lang='lat' dir='ltr'>nihil</span> <span class='ocrx_word' id='word_1_378' title='bbox 1176 2756 1307 2791; x_wconf 89' lang='lat' dir='ltr'>restet</span> <span class='ocrx_word' id='word_1_379' title='bbox 1334 2750 1413 2789; x_wconf 85' lang='lat' dir='ltr'>nisi</span> <span class='ocrx_word' id='word_1_380' title='bbox 1444 2750 1533 2803; x_wconf 89' lang='lat' dir='ltr'>ipsa</span> <span class='ocrx_word' id='word_1_381' title='bbox 1563 2764 1659 2803; x_wconf 94' lang='lat' dir='ltr'>poe-</span> 
     </span>
     <span class='ocr_line' id='line_1_46' title="bbox 141 2806 1657 2865; baseline -0.003 -16"><span class='ocrx_word' id='word_1_382' title='bbox 141 2825 196 2850; x_wconf 89' lang='lat' dir='ltr'>na</span> <span class='ocrx_word' id='word_1_383' title='bbox 227 2810 283 2849; x_wconf 91' lang='lat' dir='ltr'>illi</span> <span class='ocrx_word' id='word_1_384' title='bbox 315 2810 576 2865; x_wconf 83' lang='lat' dir='ltr'>imponenda.</span> <span class='ocrx_word' id='word_1_385' title='bbox 640 2809 702 2848; x_wconf 77' lang='lat' dir='ltr'>At</span> <span class='ocrx_word' id='word_1_386' title='bbox 732 2822 829 2847; x_wconf 81' lang='lat' dir='ltr'>vero</span> <span class='ocrx_word' id='word_1_387' title='bbox 860 2808 979 2852; x_wconf 68' lang='lat' dir='ltr'>hanc,</span> <span class='ocrx_word' id='word_1_388' title='bbox 1012 2822 1063 2847; x_wconf 88' lang='lat' dir='ltr'>ne</span> <span class='ocrx_word' id='word_1_389' title='bbox 1092 2807 1250 2855; x_wconf 74' lang='lat' dir='ltr'>dubita,</span> <span class='ocrx_word' id='word_1_390' title='bbox 1281 2806 1451 2861; x_wconf 79' lang='lat' dir='ltr'>effugiet</span> <span class='ocrx_word' id='word_1_391' title='bbox 1483 2806 1548 2845; x_wconf 92' lang='lat' dir='ltr'>ille</span> <span class='ocrx_word' id='word_1_392' title='bbox 1578 2811 1657 2845; x_wconf 85' lang='lat' dir='ltr'>etc.</span> 
     </span>
    </p>

    <p class='ocr_par' dir='ltr' id='par_1_11' title="bbox 200 2917 1660 2975">
     <span class='ocr_line' id='line_1_47' title="bbox 200 2917 1660 2975; baseline -0.003 -14"><span class='ocrx_word' id='word_1_393' title='bbox 200 2925 296 2975; x_wconf 82' lang='lat'><strong>563,</strong></span> <span class='ocrx_word' id='word_1_394' title='bbox 322 2922 387 2964; x_wconf 79' lang='lat'>28.</span> <span class='ocrx_word' id='word_1_395' title='bbox 420 2921 684 2974; x_wconf 84' lang='grc' dir='ltr'>καταγελάσῃ]</span> <span class='ocrx_word' id='word_1_396' title='bbox 719 2920 781 2960; x_wconf 93' lang='lat' dir='ltr'>Ne</span> <span class='ocrx_word' id='word_1_397' title='bbox 815 2920 960 2959; x_wconf 83' lang='lat' dir='ltr'>durior</span> <span class='ocrx_word' id='word_1_398' title='bbox 992 2920 1058 2959; x_wconf 88' lang='grc'><strong>1110</strong></span> <span class='ocrx_word' id='word_1_399' title='bbox 1090 2919 1282 2959; x_wconf 82' lang='lat' dir='ltr'>videatur</span> <span class='ocrx_word' id='word_1_400' title='bbox 1313 2917 1481 2957; x_wconf 84' lang='lat' dir='ltr'>omissio</span> <span class='ocrx_word' id='word_1_401' title='bbox 1512 2931 1660 2971; x_wconf 87' lang='lat' dir='ltr'>prono-</span> 
     </span>
    </p>

    <p class='ocr_par' dir='ltr' id='par_1_12' title="bbox 870 2978 939 3019">
     <span class='ocr_line' id='line_1_48' title="bbox 870 2978 939 3019; baseline 0 -5"><span class='ocrx_word' id='word_1_402' title='bbox 870 2992 893 3019; x_wconf 86' lang='lat' dir='ltr'>Q</span> <span class='ocrx_word' id='word_1_403' title='bbox 914 2978 939 3014; x_wconf 73' lang='lat'>‘2</span> 
     </span>
    </p>
   </div>
  </div>
 </body>
</html>
