1997 3256
311 143 395 187 986
686 143 1009 184 ADVERSUS
1043 143 1461 184 TIMOCRATEM.

312 248 363 289 ἂν
397 249 512 300 ἔργον
549 250 606 297 εἴη
641 248 789 298 λέγειν.
844 249 1098 303 Xenophon.
1133 250 1310 290 Memor.
1342 263 1381 300 4,
1417 261 1452 302 7,
1482 263 1520 303 9.
1553 250 1828 301 ἔργον-εἶναι

313 307 452 356 εὑρεῖν.
490 303 742 344 SCHAEF.

370 362 464 413 716,
490 372 555 412 24.
579 360 748 411 ἀνέγνω]
776 359 831 399 V.
854 361 908 400 ad
930 376 969 414 p.
993 372 1087 415 715,
1114 374 1180 413 24.

370 428 462 468 717,
489 429 525 455 2.
556 416 972 467 ἐγνωσμένους-τῆς
997 417 1198 470 ὑμετέρας]
1236 417 1396 457 Anecd.
1433 417 1565 458 Bekk.
1596 434 1634 472 p.
1662 431 1729 470 91,
1762 430 1827 468 24.

310 472 443 512 citant
473 471 532 512 sic
561 472 742 525 scripta:
783 473 1031 524 ἐγνωσμένος
1062 475 1130 513 οὐκ
1155 475 1333 527 ἠνείχετο
1363 477 1444 514 δεῖν
1471 477 1535 524 τῆς
1563 476 1737 524 εὐηθείας
1763 478 1829 524 τῆς

311 528 508 579 ὑμετέρας.
546 528 795 568 SCHAEF.

370 584 562 636 εὐηθείας]
603 586 911 635 φιλανθρωπίας,
933 587 1158 638 πρᾳότητος,
1185 600 1290 640 quae
1319 590 1635 626 antecesserunt
1666 601 1705 640 p.
1732 588 1826 639 716,

314 642 378 682 26.
413 639 467 680 V.
492 640 653 680 Anecd.
678 640 808 680 Bekk.
833 641 858 680 l.
881 655 912 680 c.
949 641 1200 681 SOHAEF.

371 708 463 750 717,
492 709 554 736 10.
586 696 670 750 οἶδ’]
705 697 790 737 Pro
823 697 863 737 εὗ
892 697 974 737 οἶδ’.
1012 698 1078 738 Sic
1111 713 1233 752 saepe
1261 703 1416 738 noster.
1449 697 1645 738 REISK.
1708 698 1826 739 Conf.

311 758 456 793 annot.
479 752 570 793 crit.
593 752 647 792 ad
668 768 706 807 p.
733 766 800 805 72,
825 766 844 792 2
881 785 888 792 .

372 820 465 862 717,
494 822 555 862 13.
580 809 629 848 In
651 815 795 850 annot.
817 825 854 850 a.
878 810 999 850 litera
1023 811 1064 850 S.
1087 816 1274 851 mutetur
1296 811 1336 850 in
1357 810 1631 850 minusculam
1653 825 1684 850 s.

371 876 464 918 717,
489 875 550 919 15.
573 867 660 915 περὶ
681 867 843 919 τούτων]
869 867 1041 907 Absunt
1063 868 1115 906 ab
1140 868 1319 921 August.
1344 866 1491 921 primo.
1555 867 1675 918 Quod
1696 867 1830 920 possit

311 921 475 961 defendi
498 921 587 961 loco
610 921 742 967 simili.
763 923 831 977 (1111
855 932 915 962 081
939 923 1015 962 hac
1039 923 1129 977 ipsa
1146 924 1299 978 pagina
1316 938 1353 963 v.
1373 934 1451 976 27..
1470 923 1540 962 ubi
1562 925 1649 975 περὶ
1670 925 1829 971 τούτων,

311 978 421 1031 quod
451 978 583 1023 abest.
607 983 748 1018 tamen
778 979 991 1019 subaudiri
1018 980 1155 1019 debet.
1218 980 1311 1034 Ego
1338 994 1434 1019 vero
1456 979 1670 1034 vulgatam
1696 981 1828 1034 probo

312 1038 528 1088 tueorque.
562 1034 757 1074 REISK.

370 1101 463 1142 717,
490 1102 554 1130 20.
579 1092 1168 1143 δίκη-εὔθυνα-διαδικασία]
1195 1092 1408 1142 Quantum
1437 1091 1548 1132 inter
1569 1091 1672 1132 haec
1702 1092 1829 1133 inter-

311 1145 367 1186 sit·
394 1146 536 1186 docuit
560 1146 727 1186 Petitus
751 1147 837 1187 LL.
860 1147 994 1188 Attic.
1024 1149 1116 1188 Lib.
1138 1163 1176 1199 4.
1202 1149 1285 1189 Tit.
1311 1150 1348 1188 8.
1376 1163 1426 1188 ex
1449 1148 1635 1202 Ulpiano
1667 1154 1827 1189 nostro.

370 1271 466 1311 717,
491 1272 555 1298 21.
600 1259 642 1298 τὸ
681 1261 866 1309 δημόσιον
907 1261 1091 1314 ἀπέδοτο]
1140 1262 1228 1312 περὶ
1267 1263 1320 1300 ὧν
1357 1262 1376 1300 ὁ
1419 1264 1535 1311 δῆμος
1577 1261 1826 1313 ἐχρημάτισε.

314 1315 505 1354 WOLF.
572 1315 730 1355 Immo:
771 1330 870 1368 quae
894 1316 1052 1370 publice
1081 1318 1241 1357 vendita
1268 1323 1373 1356 sunt.
1435 1317 1499 1357 De
1526 1316 1590 1356 his
1620 1318 1685 1356 lex
1714 1322 1830 1358 vetat

311 1371 540 1411 emtoribus
561 1371 676 1411 litem
698 1371 870 1412 intendi.
917 1373 970 1412 V.
991 1373 1177 1413 Meierus
1199 1374 1249 1413 de
1272 1373 1375 1413 Bon.
1399 1373 1649 1414 Damnator.
1672 1389 1711 1428 p.
1734 1387 1826 1428 230.

315 1428 566 1468 SCHAEF.

370 1495 463 1537 717,
486 1497 548 1524 22.
573 1485 840 1539 ἐπιψηφίζειν]
866 1485 1069 1525 wolfius:
1101 1486 1310 1527 (lecerm'to.
1355 1486 1466 1525 Puto
1489 1485 1654 1539 potius:
1685 1487 1831 1540 affandi

302 1541 694 1594 potestatemficciat.
757 1541 824 1581 Ita
847 1542 972 1582 etiam
995 1542 1103 1582 infra
1125 1558 1163 1596 p.
1191 1544 1283 1592 718.
1310 1555 1345 1583 2.
1378 1542 1579 1582 .JURIN.

371 1598 465 1647 718,
506 1611 545 1648 4.
589 1601 668 1638 τοῖς
703 1597 922 1652 προέδροις]
965 1599 1052 1640 τοὺς
1092 1599 1301 1650 προέδρους
1343 1599 1562 1639 Dobraeus
1603 1597 1755 1639 collata
1787 1614 1827 1653 p.

316 1663 411 1703 712,
438 1664 503 1706 25.

370 1720 463 1762 719,
493 1723 526 1749 1.
549 1709 653 1758 πλὴν
675 1712 708 1749 εἰ
732 1711 950 1759 μὴ-ἕστιν
980 1712 1121 1765 εἰπεῖν]
1168 1711 1324 1751 Locum
1351 1711 1461 1751 hunc
1490 1712 1596 1752 citat
1618 1710 1830 1752 Aristides

318 1765 364 1805 T.
390 1780 429 1819 p.
456 1778 550 1805 200.
583 1765 776 1806 REISK.

371 1833 464 1874 719,
489 1824 526 1861 6.
552 1822 864 1877 ψηφισαμένων]
900 1823 1067 1864 Ρο111118
1095 1825 1150 1864 ad
1180 1824 1265 1864 LL.
1296 1824 1522 1879 Α1110.50,
1548 1837 1585 1863 2.
1614 1824 1696 1864 Tit..
1724 1838 1759 1864 1.
1790 1840 1829 1879 p.

317 1878 406 1918 188.
438 1878 605 1932 refingit
638 1880 707 1918 ἐὰν
737 1880 788 1929 μὴ
818 1880 1110 1932 ψηφισαμένων
1143 1888 1222 1921 etc.
1287 1881 1413 1931 Quasi
1448 1880 1752 1934 relinqueretur
1787 1885 1831 1922 et

311 1934 536 1988 privilegiis
557 1935 709 1989 gratia.
772 1935 840 1976 Ita
861 1936 903 1976 in
928 1936 1017 1991 lege
1039 1937 1251 1990 superiore
1279 1937 1414 1978 utitur
1444 1937 1564 1977 simili
1586 1937 1830 1991 exceptione

311 2005 350 2042 p.
379 2002 471 2044 715,
499 2004 537 2030 2.
575 1993 644 2030 ἐὰν
675 1992 726 2041 μὴ
757 1993 1047 2044 ψηφισαμένων
1080 1993 1300 2041 Ἀθηναίων
1332 1994 1401 2043 τὴν
1432 1995 1566 2034 ἄδειαν
1598 1998 1750 2044 πρῶτον
1779 1993 1831 2044 μὴ

311 2047 476 2086 ἔλαττον
499 2046 788 2100 ἑξακισχιλίων.
855 2048 1014 2089 Verum
1041 2055 1143 2103 puto
1172 2050 1214 2089 id
1240 2064 1323 2089 non
1346 2050 1435 2103 jam
1464 2049 1667 2097 obtinere,
1696 2064 1831 2103 neque

313 2102 495 2142 Athenis
520 2103 689 2151 Atticis,
714 2104 783 2144 ubi
805 2105 932 2145 toties
954 2106 1247 2159 praedicarent
1275 2106 1515 2146 libertatem
1535 2121 1684 2159 aeqam
1705 2106 1831 2146 fuisse

312 2158 515 2206 omnibus,
554 2159 694 2212 privas
735 2160 847 2215 leges
888 2161 970 2201 ullo
1011 2163 1187 2202 obtentu
1229 2168 1303 2202 3111
1344 2162 1651 2202 conditionibus
1692 2162 1831 2217 rogari

312 2214 510 2268 potuisse.
573 2216 706 2256 Credo
734 2222 965 2269 praeterea,
990 2219 1043 2258 ab
1073 2218 1240 2271 optimis
1269 2218 1574 2272 exemplaribus
1602 2219 1709 2258 hanc
1735 2219 1829 2259 ulti-

312 2285 421 2310 mam
445 2271 670 2311 clausulam
692 2273 848 2312 abesse.
884 2274 1144 2314 TAYLOR.
1206 2274 1372 2315 Petitus
1397 2275 1481 2314 LL.
1508 2274 1640 2314 Attic.
1670 2290 1708 2328 p.
1739 2276 1828 2315 188.

312 2328 381 2366 ἐὰν
401 2327 452 2377 μὴ
476 2329 767 2379 ψηφισαμένων
789 2330 949 2370 suadet.
1013 2331 1307 2384 Obloquuntur
1333 2330 1635 2385 lVesselingius
1658 2336 1700 2371 et
1723 2331 1829 2385 Tay-

313 2382 437 2422 lorus.
501 2383 593 2437 Ego
624 2390 766 2424 tamen
795 2385 1061 2426 nihilominus
1087 2388 1272 2427 arbitror
1295 2387 1484 2427 Petitum
1514 2388 1567 2427 ad
1596 2387 1830 2428 sententiae

313 2438 479 2492 quidem
515 2439 734 2480 veritatem
769 2443 1002 2491 3000881880,
1040 2443 1210 2484 tametsi
1243 2444 1387 2483 leniori
1428 2449 1545 2483 1110111
1579 2458 1645 2483 res
1686 2444 1829 2498 peragi

312 2500 467 2548 potest,
496 2496 651 2537 scilicet
681 2500 975 2552 praeponendo
1000 2499 1033 2549 ἣ,
1058 2506 1103 2540 111
1131 2500 1181 2540 811
1200 2502 1386 2555 ε-τιθῇ,
1408 2499 1431 2549 ἡ
1452 2500 1744 2552 ψηφισαμένων
1758 2525 1825 2540 -.

315 2551 442 2590 Patet
465 2551 533 2604 qui
555 2555 741 2605 potuerit
763 2569 811 2594 ea
830 2557 973 2596 vocula
996 2556 1061 2595 1110
1084 2556 1285 2596 excidere.
1349 2556 1565 2596 Sententia
1598 2555 1700 2610 legis
1725 2556 1828 2596 haec

313 2611 401 2646 est:
438 2607 499 2646 Ne
535 2608 657 2648 liceto
691 2609 730 2649 in
767 2611 947 2665 gratiam
984 2612 1135 2666 privati
1169 2612 1299 2666 legem
1332 2613 1451 2659 ferre.
1480 2627 1505 2652 a
1538 2612 1653 2666 cujus
1688 2612 1828 2652 fructu

312 2662 458 2716 reliqui
481 2663 589 2703 cives
611 2666 896 2716 excludantur,
919 2674 994 2708 aut
1021 2669 1142 2709 110010
1165 2669 1344 2722 quidem,
1371 2669 1443 2709 sed
1471 2669 1548 2708 hac
1577 2668 1826 2717 conditione,

314 2718 347 2758 si
379 2733 450 2758 sex
482 2720 609 2760 millia
642 2722 790 2762 civium
823 2724 864 2763 in
901 2725 989 2775 ejus
1022 2725 1124 2779 legis
1155 2725 1352 2765 lationem
1387 2724 1682 2765 consenserint.
1745 2725 1829 2764 Cur

314 2775 422 2814 enim
443 2775 544 2815 alias
567 2777 743 2819 adderet
769 2779 881 2820 illam
910 2776 960 2821 de
990 2796 1061 2821 sex
1090 2781 1269 2821 millibus
1292 2781 1527 2828 clausulam.
1552 2795 1658 2834 quae
1686 2795 1827 2834 super-

314 2845 444 2870 vacua
474 2836 517 2871 et
545 2832 784 2886 importuna
816 2842 891 2880 est.
923 2837 956 2876 si
987 2852 1113 2891 negas
1145 2838 1430 2891 exceptionem
1461 2836 1526 2876 hic
1556 2836 1674 2876 fieri?
1707 2837 1776 2876 Ad
1804 2836 1827 2886 ἢ
1864 2863 1868 2867 -

314 2886 564 2926 subauditur
592 2890 749 2938 ἐξέστω.
816 2892 1000 2933 Tametsi
1031 2896 1209 2934 ferretur
1235 2894 1313 2942 lex,
1337 2908 1418 2933 non
1445 2893 1537 2932 ideo
1564 2892 1710 2933 statim
1737 2907 1827 2946 per-

314 2941 399 2981 lata
432 2947 534 2982 erat.
597 2945 679 2985 Sed
715 2947 793 2987 hac
835 2949 1078 3003 exceptione
1120 2950 1376 2990 solummodo
1409 2949 1527 3002 copia
1564 2949 1690 2989 datur
1725 2948 1827 3002 legis
