1997 3256
435 147 759 189 ADVERSUS
793 149 1290 191 ARISTOGITONEM
1326 152 1357 190 Ι.
1547 153 1655 191 1025

199 263 293 303 774,
321 252 383 291 18.
412 253 470 292 ὅτι
498 256 672 295 πᾶς-ἐν
699 258 743 309 τῇ
771 256 902 309 πόλει]
931 255 1049 296 Talia
1077 270 1159 296 non
1186 256 1376 296 redolent
1403 256 1543 297 stilum
1569 257 1654 296 De-

139 307 381 348 mosthenis.
415 308 667 350 SOI—IAEF.

197 366 515 416 εὕρημα-θεῶν]
542 366 659 406 Conf.
682 367 923 421 Xenophon
946 367 1143 421 Cyneget.
1165 367 1255 407 init.
1286 367 1538 408 SOHAEF.

198 432 293 471 774,
323 433 388 461 20.
426 422 1041 477 ἐπανόρθωμα-ἁμαρτημάτων]
1082 423 1307 477 Appendix
1342 424 1398 463 ad
1434 424 1657 464 Foreellini

141 475 280 516 Lexie.
311 490 344 516 s.
367 492 404 516 v.
436 478 747 519 Involuntccrie:
782 485 805 501 ‘⁶
825 479 1030 520 Marciam.
1061 479 1159 533 Dig.
1194 479 1262 519 lib.
1290 493 1324 519 1.
1356 480 1423 520 tit.
1444 493 1483 533 3.
1516 481 1595 535 leg.
1621 494 1656 520 2.

142 533 333 573 Coercz'tz'o
360 547 504 582 eorum,
527 550 628 588 quae
657 542 788 588 sponte
815 535 876 575 ‘cel
904 536 1171 576 «ῖιιυοῖιιηίανίο
1201 535 1504 588 (ἰοίὶιιφῑιιιητιιν.
1554 536 1657 575 Ani-

138 589 378 630 madvertas
405 594 547 631 tamen
570 591 689 631 velini
717 592 781 631 his
802 591 939 632 verbis
967 591 1219 632 translatum
1240 591 1365 631 fuisse
1391 606 1416 632 a
1440 592 1658 632 Marciano

139 645 201 685 vel
231 645 284 685 ab
316 646 492 699 antiquo
522 647 661 701 aliquo
692 653 863 688 auctore
893 648 1029 688 locuni
1057 647 1354 687 Demosthenis
1381 647 1423 686 in
1451 653 1557 688 orat.
1586 649 1659 688 ad-

140 715 245 741 vers.
283 702 507 757 Aristogit.
544 703 614 757 qui
650 704 712 745 ita
747 718 790 744 se
826 705 980 745 habet:
1024 704 1658 755 ἐπανόρθωμα-ἁμαρτημάτων.”

143 757 394 798 SCHAEF.

196 827 291 865 774,
326 826 393 854 21.
435 815 626 872 συνθήκη]
671 817 800 857 Libet
844 817 1082 857 adscribere
1121 815 1379 856 enarratoris
1422 814 1658 869 Aphthonii

139 871 267 911 verba
294 872 353 924 (p.
379 872 492 924 25.):
525 871 548 922 ἣ
579 874 637 912 ὅτι
669 877 831 913 πολλῶν
865 874 1138 913 συνελθόντων
1172 874 1226 913 εἰς
1257 872 1372 912 ταυτὸ
1404 871 1603 922 συνετέθη,
1636 871 1659 922 ἢ

141 927 212 973 ὅτι,
237 927 308 967 κᾶν
329 928 392 979 ὑφ’
417 928 514 976 ἑνὸς,
536 931 582 984 τῇ
605 928 775 979 συνθήκῃ
797 930 859 969 καὶ
881 929 1087 982 συμφωνίᾳ
1107 931 1183 968 τῶν
1205 929 1339 968 ἄλλων
1361 931 1548 979 κυροῦται.
1585 932 1660 968 τῶν

140 985 181 1023 δὲ
208 985 337 1034 νόμων
364 985 400 1024 οἳ
424 986 498 1035 μὲν
527 985 602 1025 εἶσὶ
631 986 764 1033 κοινοὶ,
791 988 828 1025 οἱ
856 987 1024 1025 καθόλου
1052 984 1140 1036 περὶ
1164 989 1240 1024 τῶν
1266 987 1331 1034 τῆς
1360 987 1527 1032 πόλεως,
1552 986 1589 1024 οἱ
1616 986 1658 1025 δὲ

138 1041 239 1088 ἴδιοι,
263 1041 300 1079 οἱ
320 1041 408 1091 περὶ
428 1044 504 1080 τῶν
525 1041 620 1092 πρὸς
649 1041 849 1091 ἀλλήλους
871 1043 1139 1092 συμβολαίων.
1174 1042 1235 1080 καὶ
1257 1043 1293 1081 οἱ
1313 1042 1386 1090 μὲν
1406 1045 1482 1081 τῶν
1502 1042 1659 1092 ἀγαθῶν

140 1096 312 1147 ἀμοιβοὶ,
336 1098 372 1136 οἱ
394 1097 435 1136 δὲ
454 1101 530 1137 τῶν
553 1097 795 1148 ἀδικημάτων
815 1100 1036 1149 τιμωρηταί.
1070 1096 1267 1137 WOLF.

199 1163 292 1205 774,
318 1165 385 1205 29.
418 1154 651 1205 ἀμφοτέροις
681 1153 849 1208 τούτοις]
875 1155 1054 1194 Sensus:
1088 1153 1257 1194 debebit
1289 1158 1331 1194 et
1362 1153 1512 1206 puniri⁷
1546 1154 1658 1207 quod

138 1208 219 1249 fuit
249 1209 441 1263 injustus,
471 1214 514 1250 et
544 1210 753 1263 puniendo
785 1225 834 1251 eo
866 1211 1100 1265 exemplum
1131 1209 1208 1259 edi,
1231 1224 1283 1250 ne
1313 1210 1383 1250 alii
1413 1210 1559 1250 eadem
1586 1224 1658 1250 au-

142 1265 283 1305 deant.
318 1265 570 1307 SCHAEF.

199 1332 293 1374 775,
319 1335 351 1362 1.
375 1323 437 1363 ἐπὶ
459 1321 488 1362 δ’
512 1324 569 1365 οἷς
589 1323 656 1363 οὐκ
686 1322 840 1374 ἐμμένει
865 1324 1023 1369 τούτοις,
1048 1323 1193 1376 νῦν-]
1222 1322 1314 1363 Ideo
1334 1336 1434 1371 vero,
1457 1322 1564 1376 quod
1580 1336 1657 1362 non

138 1384 269 1418 manet
289 1378 333 1418 iva
353 1378 414 1419 lois
437 1378 605 1427 mulctis,
628 1393 732 1419 mmo
756 1380 813 1420 ad
835 1386 1009 1420 vestr-am
1025 1379 1278 1432 punitionem
1305 1378 1536 1427 adducitur.
1560 1379 1598 1419 h.
1621 1393 1657 1418 e.

140 1434 251 1487 quod
273 1449 355 1474 non
375 1440 497 1489 paret
518 1435 653 1490 legum
670 1450 828 1489 poenae
849 1436 968 1489 eique
989 1450 1072 1475 non
1094 1435 1197 1475 satis
1218 1435 1320 1476 facit
1342 1450 1475 1488 neque
1496 1435 1657 1488 patitur

140 1504 232 1530 eam
253 1490 295 1530 in
317 1506 361 1531 se
380 1491 560 1531 validam
580 1497 623 1532 et
644 1497 783 1532 ratam
802 1493 892 1532 fieri
919 1497 1048 1545 atque
1069 1491 1233 1532 effectui
1256 1491 1358 1539 dari,
1382 1491 1474 1532 ideo
1496 1491 1550 1532 ad
1570 1505 1655 1531 ves-

139 1551 254 1588 trum
283 1548 544 1601 pertrahitur
569 1548 786 1601 judiciuin,
819 1563 901 1602 quo
931 1563 1026 1588 eum
1057 1548 1108 1588 de
1139 1547 1374 1603 pervicacia
1404 1552 1448 1588 et
1481 1547 1656 1588 audacia

141 1604 230 1658 ejus
255 1604 454 1658 puniatis.
488 1604 683 1645 REISK.

200 1672 294 1713 775,
317 1671 357 1715 5.
399 1662 475 1712 ἐγὼ
511 1663 658 1713 γὰρ-]
704 1661 785 1701 Est
819 1660 1072 1714 παράλειψις,
1114 1661 1276 1715 longius
1318 1661 1446 1700 dueta
1487 1660 1658 1714 periodo

140 1722 315 1771 propter
348 1717 529 1758 insertas
566 1719 818 1770 αἰτιολογίας,
851 1722 950 1758 ante
983 1718 1100 1771 eujus
1131 1719 1320 1757 ἀπόδοσιν
1352 1717 1522 1756 verbum
1555 1717 1659 1756 ἐάσω

140 1773 311 1826 ponitur
337 1788 374 1814 v.
397 1786 460 1826 17,
482 1779 530 1815 ut
561 1774 617 1814 sit
647 1773 900 1826 ἐγὼ-ἐάσω.
964 1773 1058 1814 Etsi
1088 1774 1267 1814 fortasse
1298 1773 1500 1827 principio
1532 1772 1660 1813 etiam

140 1829 221 1884 legi
242 1830 375 1883 possit
393 1847 401 1870 ;
436 1832 485 1870 ἐῶ
506 1832 596 1882 γὰρ,
620 1831 678 1870 ὅτι
698 1831 771 1881 μὲν
791 1830 988 1870 πάντα-.
1026 1830 1216 1870 WOLF.
1260 1829 1393 1870 Recte
1414 1829 1519 1870 vidit
1542 1829 1661 1869 Wol-

140 1885 231 1935 fius,
256 1888 332 1938 ἐγὼ
361 1901 455 1926 eum
484 1886 588 1927 ἐάσω
614 1901 649 1926 v.
673 1898 734 1938 17.
759 1886 993 1926 cohaerere.
1056 1886 1177 1937 Quod
1197 1890 1341 1926 tenere
1368 1900 1502 1939 neque
1530 1886 1583 1926 ab
1613 1900 1662 1925 eo

142 1942 354 1982 discedere
395 1943 598 1983 debuerat
621 1958 629 1982 :
672 1942 784 1983 ratio
823 1942 932 1982 enim
973 1943 1061 1996 ejus
1102 1942 1308 1996 posterior
1347 1957 1543 1996 perversa
1583 1946 1660 1982 est.

142 1999 337 2039 REISK.
400 1999 606 2039 Pei-versa
642 2004 705 2039 est
737 1999 898 2039 duabus
931 1999 982 2038 de
1013 1999 1182 2039 caussis.
1244 1998 1434 2038 Primum
1465 1998 1574 2038 enim
1605 1998 1663 2038 sie

141 2055 282 2109 aptius
307 2055 417 2096 foret
444 2055 546 2096 ἐάσω
573 2056 693 2107 (conf.
718 2060 805 2095 not.
827 2056 882 2096 ad
906 2070 946 2109 p.
969 2068 1069 2109 573,
1091 2059 1146 2108 9.)
1168 2071 1176 2095 :
1210 2055 1370 2104 deinde,
1393 2055 1471 2095 hoe
1497 2055 1531 2094 si
1552 2055 1663 2094 volu-

143 2112 246 2152 isset
276 2117 431 2162 orator,
455 2112 689 2166 scripturus
719 2116 813 2152 erat
845 2114 893 2152 ἐῶ
923 2114 996 2162 μὲν
1016 2114 1104 2165 γὰρ,
1128 2114 1186 2152 ὅτι
1216 2111 1399 2152 πάντ”-.
1444 2110 1662 2152 SOHAE-

201 2236 297 2278 775,
335 2238 397 2278 15.
436 2226 593 2278 ἀφίετε]
634 2225 715 2276 Qui
749 2225 873 2265 modo
910 2224 1073 2265 dixerat
1110 2227 1144 2265 εἰ
1179 2228 1239 2265 δεῖ
1267 2227 1394 2266 τινὰς
1430 2225 1589 2275 ἀφεῖναι
1620 2228 1664 2264 et

144 2283 334 2323 τούτους
364 2282 525 2334 ἀφιέναι
556 2285 616 2322 δεῖ
644 2296 737 2322 eum
765 2286 916 2335 quarto
948 2296 1059 2328 casu,
1082 2286 1130 2321 ut
1154 2294 1243 2320 mos
1274 2285 1339 2321 est
1367 2280 1538 2320 Graecis
1567 2281 1663 2320 seri-

143 2338 347 2392 ptoribus,
371 2352 453 2377 non
483 2337 628 2391 utique
659 2338 805 2377 lubens
835 2337 981 2378 statim
1009 2337 1234 2389 subjiceret
1264 2339 1297 2376 εἰ
1326 2339 1441 2376 πᾶσι
1468 2341 1563 2378 τοῖς
1591 2338 1652 2376 ἄλ.

143 2400 244 2436 λοις
287 2395 437 2445 ἀφίετε,
474 2394 784 2434 constructione
823 2394 928 2433 adeo
970 2393 1176 2433 insolenti.
1240 2392 1346 2432 Dele
1384 2405 1482 2445 ergo
1523 2407 1648 2432 voeen

145 2452 296 2502 ἀφίετε.
348 2450 442 2490 En:
486 2449 577 2496 οὐδ’,
612 2452 646 2490 εί
676 2453 773 2489 πᾶσι
803 2454 882 2491 τοῖς
913 2450 1063 2495 ἄλλοις,
1097 2449 1183 2501 οὐχὶ
1214 2451 1265 2502 τῷ
1295 2447 1511 2502 βιαζομένῳ
1543 2449 1639 2499 ὃήπο

145 2509 400 2560 συγχωρῆσαι
430 2506 631 2557 προσήκει.
665 2506 926 2545 TAYLOR.
988 2507 1138 2557 ἀφίετε,
1171 2504 1329 2544 scilieet
1360 2506 1407 2544 τὰ
1441 2504 1663 2555 ὀφλήματα.

145 2563 258 2603 Bene
290 2563 418 2603 habet
448 2562 514 2602 hic
547 2562 673 2602 loeus.
706 2562 904 2602 REISK.
967 2561 1125 2602 Orator
1152 2560 1229 2600 nisi
1258 2560 1424 2615 scripsit
1451 2567 1498 2601 ut
1526 2561 1666 2614 placet

146 2619 341 2673 Tayloro,
364 2624 477 2658 certe
499 2618 555 2658 sie
578 2618 793 2673 scripsisse
816 2633 909 2658 eum
930 2618 1083 2658 malini.
1117 2617 1368 2657 SCHAEF.
1412 2617 1504 2671 Ego
1526 2619 1664 2670 ἀφίετε

148 2675 279 2716 delevi
301 2689 394 2715 eum
416 2675 606 2729 Tayloro.

205 2743 300 2786 775,
326 2744 393 2771 21.
417 2731 614 2783 περιττὸν]
644 2730 859 2785 Sin-qulam
880 2745 913 2770 s.
938 2730 1190 2770 reconditum.
1231 2729 1491 2769 SCHAEF.

206 2800 300 2841 775,
321 2801 386 2841 25.
412 2789 501 2829 ἕνας
522 2788 665 2842 ἄρχας]
692 2787 776 2826 Per
796 2787 1079 2840 παρῳχημένας
1100 2785 1283 2839 explieat
1306 2784 1592 2838 Harpocratio
1614 2800 1665 2825 ex

146 2845 187 2885 h.
209 2844 237 2884 l.
261 2859 292 2884 s.
315 2859 350 2884 v.
376 2845 460 2884 ἕναι
482 2845 611 2896 ἀρχαί,
634 2858 709 2897 per
729 2845 899 2885 παλαιὰς
921 2842 1046 2882 schol.
1073 2841 1205 2881 Arist.
1230 2841 1338 2882 Aeh.
1360 2853 1450 2893 171.

207 2912 301 2954 775,
327 2902 392 2941 26.
416 2902 578 2942 ἑκούσας
597 2914 678 2940 0111.
700 2899 828 2939 schol.
851 2899 1067 2952 Aristoph.

207 2958 301 3009 776,
326 2968 363 3008 7.
387 2956 525 3009 ἐράνου
546 2955 764 3010 πληρωταὶ]
788 2955 897 2995 Vide
926 2955 1100 2996 eandem
1129 2955 1237 2995 hane
1268 2953 1581 2993 similitudinem
1602 2953 1664 2993 bis

879 3027 900 3051 Β
922 3012 941 3049 f
