<?xml version="1.0" encoding="UTF-8"?>
<!DOCTYPE html PUBLIC "-//W3C//DTD XHTML 1.0 Transitional//EN"
    "http://www.w3.org/TR/xhtml1/DTD/xhtml1-transitional.dtd">
<html xmlns="http://www.w3.org/1999/xhtml" xml:lang="en" lang="en">
 <head>
  <title>
</title>
<meta http-equiv="Content-Type" content="text/html;charset=utf-8" />
  <meta name='ocr-system' content='tesseract 3.04.00' />
  <meta name='ocr-capabilities' content='ocr_page ocr_carea ocr_par ocr_line ocrx_word'/>
</head>
<body>
  <div class='ocr_page' id='page_1' title='image "./operaexrecension06demouoft/operaexrecension06demouoft_0277.png"; bbox 0 0 1997 3256; ppageno 0'>
   <div class='ocr_carea' id='block_1_1' title="bbox 499 160 1669 204">
    <p class='ocr_par' dir='ltr' id='par_1_1' title="bbox 499 160 1669 204">
     <span class='ocr_line' id='line_1_1' title="bbox 499 160 1669 204; baseline 0.001 -3"><span class='ocrx_word' id='word_1_1' title='bbox 499 161 822 203; x_wconf 85' lang='lat' dir='ltr'><strong>ADVERSUS</strong></span> <span class='ocrx_word' id='word_1_2' title='bbox 858 162 1319 204; x_wconf 81' lang='lat' dir='ltr'>ANDROTIONEM.</span> <span class='ocrx_word' id='word_1_3' title='bbox 1585 160 1669 202; x_wconf 77' lang='lat'>863</span> 
     </span>
    </p>
   </div>
   <div class='ocr_carea' id='block_1_2' title="bbox 143 265 1672 3022">
    <p class='ocr_par' dir='ltr' id='par_1_2' title="bbox 143 265 1672 2503">
     <span class='ocr_line' id='line_1_2' title="bbox 154 265 1669 320; baseline 0 -14"><span class='ocrx_word' id='word_1_4' title='bbox 154 266 361 307; x_wconf 85' lang='lat' dir='ltr'>industria</span> <span class='ocrx_word' id='word_1_5' title='bbox 387 266 593 320; x_wconf 80' lang='lat' dir='ltr'>plebeiam</span> <span class='ocrx_word' id='word_1_6' title='bbox 622 268 905 308; x_wconf 84' lang='lat' dir='ltr'>confusionem</span> <span class='ocrx_word' id='word_1_7' title='bbox 933 272 976 308; x_wconf 85' lang='lat' dir='ltr'>et</span> <span class='ocrx_word' id='word_1_8' title='bbox 1000 267 1270 318; x_wconf 84' lang='grc' dir='ltr'>ταυτολογίαν,</span> <span class='ocrx_word' id='word_1_9' title='bbox 1300 280 1352 306; x_wconf 88' lang='grc'>110</span> <span class='ocrx_word' id='word_1_10' title='bbox 1380 281 1462 319; x_wconf 92' lang='lat' dir='ltr'>qua</span> <span class='ocrx_word' id='word_1_11' title='bbox 1490 265 1669 319; x_wconf 89' lang='lat' dir='ltr'>suspicio</span> 
     </span>
     <span class='ocr_line' id='line_1_3' title="bbox 153 322 1668 377; baseline -0.001 -15"><span class='ocrx_word' id='word_1_12' title='bbox 153 328 264 363; x_wconf 86' lang='lat' dir='ltr'>esset</span> <span class='ocrx_word' id='word_1_13' title='bbox 288 322 471 371; x_wconf 82' lang='lat' dir='ltr'>artificii,</span> <span class='ocrx_word' id='word_1_14' title='bbox 491 323 718 364; x_wconf 80' lang='lat' dir='ltr'>affectavit.</span> <span class='ocrx_word' id='word_1_15' title='bbox 781 324 989 377; x_wconf 77' lang='lat' dir='ltr'>Ulpianus</span> <span class='ocrx_word' id='word_1_16' title='bbox 1013 323 1137 364; x_wconf 83' lang='lat' dir='ltr'>aliter</span> <span class='ocrx_word' id='word_1_17' title='bbox 1157 323 1263 362; x_wconf 85' lang='lat' dir='ltr'>hanc</span> <span class='ocrx_word' id='word_1_18' title='bbox 1284 322 1578 375; x_wconf 77' lang='lat' dir='ltr'>repetitionem</span> <span class='ocrx_word' id='word_1_19' title='bbox 1599 335 1668 361; x_wconf 86' lang='lat' dir='ltr'>ex-</span> 
     </span>
     <span class='ocr_line' id='line_1_4' title="bbox 154 377 1668 432; baseline -0.001 -14"><span class='ocrx_word' id='word_1_20' title='bbox 154 383 286 419; x_wconf 86' lang='lat' dir='ltr'>cusat.</span> <span class='ocrx_word' id='word_1_21' title='bbox 320 379 518 420; x_wconf 82' lang='lat' dir='ltr'>WOLF.</span> <span class='ocrx_word' id='word_1_22' title='bbox 580 380 688 420; x_wconf 87' lang='lat' dir='ltr'><strong>Mihi</strong></span> <span class='ocrx_word' id='word_1_23' title='bbox 724 395 799 421; x_wconf 87' lang='grc'>1100</span> <span class='ocrx_word' id='word_1_24' title='bbox 832 380 979 419; x_wconf 80' lang='lat' dir='ltr'>Wolfii</span> <span class='ocrx_word' id='word_1_25' title='bbox 1013 393 1146 432; x_wconf 83' lang='lat' dir='ltr'>noque</span> <span class='ocrx_word' id='word_1_26' title='bbox 1178 377 1351 431; x_wconf 82' lang='lat' dir='ltr'>Ulpiani</span> <span class='ocrx_word' id='word_1_27' title='bbox 1386 381 1668 418; x_wconf 84' lang='lat' dir='ltr'>commentum</span> 
     </span>
     <span class='ocr_line' id='line_1_5' title="bbox 152 433 1668 489; baseline -0.002 -14"><span class='ocrx_word' id='word_1_28' title='bbox 152 436 301 489; x_wconf 83' lang='lat' dir='ltr'>placet.</span> <span class='ocrx_word' id='word_1_29' title='bbox 363 435 551 476; x_wconf 82' lang='lat' dir='ltr'>Heraldo</span> <span class='ocrx_word' id='word_1_30' title='bbox 577 436 801 477; x_wconf 83' lang='lat' dir='ltr'>Animadv.</span> <span class='ocrx_word' id='word_1_31' title='bbox 824 436 865 476; x_wconf 92' lang='lat' dir='ltr'>in</span> <span class='ocrx_word' id='word_1_32' title='bbox 892 436 1065 476; x_wconf 77' lang='lat' dir='ltr'>Salinas.</span> <span class='ocrx_word' id='word_1_33' title='bbox 1088 435 1113 474; x_wconf 94' lang='lat' dir='ltr'>l.</span> <span class='ocrx_word' id='word_1_34' title='bbox 1135 448 1174 486; x_wconf 88' lang='lat'>4.</span> <span class='ocrx_word' id='word_1_35' title='bbox 1196 448 1230 473; x_wconf 90' lang='grc'>0.</span> <span class='ocrx_word' id='word_1_36' title='bbox 1254 445 1292 485; x_wconf 93' lang='lat'>7.</span> <span class='ocrx_word' id='word_1_37' title='bbox 1318 434 1458 485; x_wconf 76' lang='lat'>§.10.,</span> <span class='ocrx_word' id='word_1_38' title='bbox 1482 433 1540 472; x_wconf 90' lang='lat' dir='ltr'>sic</span> <span class='ocrx_word' id='word_1_39' title='bbox 1564 433 1668 473; x_wconf 84' lang='lat' dir='ltr'>haec</span> 
     </span>
     <span class='ocr_line' id='line_1_6' title="bbox 152 490 1664 546; baseline -0.001 -15"><span class='ocrx_word' id='word_1_40' title='bbox 152 491 327 545; x_wconf 81' lang='lat' dir='ltr'>legenda</span> <span class='ocrx_word' id='word_1_41' title='bbox 356 496 400 532; x_wconf 87' lang='lat' dir='ltr'>et</span> <span class='ocrx_word' id='word_1_42' title='bbox 429 491 748 546; x_wconf 74' lang='lat' dir='ltr'>interpretanda</span> <span class='ocrx_word' id='word_1_43' title='bbox 775 493 980 540; x_wconf 80' lang='lat' dir='ltr'>videntur,</span> <span class='ocrx_word' id='word_1_44' title='bbox 1005 492 1171 542; x_wconf 83' lang='grc' dir='ltr'>ἔρρωσαι</span> <span class='ocrx_word' id='word_1_45' title='bbox 1197 490 1258 529; x_wconf 87' lang='grc' dir='ltr'>καὶ</span> <span class='ocrx_word' id='word_1_46' title='bbox 1283 492 1412 542; x_wconf 75' lang='grc' dir='ltr'>σαυτῷ</span> <span class='ocrx_word' id='word_1_47' title='bbox 1443 490 1664 535; x_wconf 85' lang='grc' dir='ltr'>πιστεύεις;</span> 
     </span>
     <span class='ocr_line' id='line_1_7' title="bbox 153 545 1669 600; baseline -0.002 -13"><span class='ocrx_word' id='word_1_48' title='bbox 153 548 294 599; x_wconf 83' lang='grc' dir='ltr'>ἄπαγε·</span> <span class='ocrx_word' id='word_1_49' title='bbox 338 548 380 587; x_wconf 87' lang='grc' dir='ltr'>ἐν</span> <span class='ocrx_word' id='word_1_50' title='bbox 410 549 554 600; x_wconf 80' lang='grc' dir='ltr'>χιλίαις</span> <span class='ocrx_word' id='word_1_51' title='bbox 587 550 627 588; x_wconf 80' lang='grc' dir='ltr'>δὲ</span> <span class='ocrx_word' id='word_1_52' title='bbox 659 551 679 588; x_wconf 87' lang='grc' dir='ltr'>ὁ</span> <span class='ocrx_word' id='word_1_53' title='bbox 712 550 897 590; x_wconf 82' lang='grc' dir='ltr'>κίνδυνος.</span> <span class='ocrx_word' id='word_1_54' title='bbox 935 546 1221 596; x_wconf 85' lang='grc' dir='ltr'>ἀσθενέστερος</span> <span class='ocrx_word' id='word_1_55' title='bbox 1257 545 1318 591; x_wconf 74' lang='grc' dir='ltr'>εἶς</span> <span class='ocrx_word' id='word_1_56' title='bbox 1362 549 1443 586; x_wconf 87' lang='grc' dir='ltr'>τοῖς</span> <span class='ocrx_word' id='word_1_57' title='bbox 1479 545 1669 597; x_wconf 83' lang='grc' dir='ltr'>ἄρχουσιν</span> 
     </span>
     <span class='ocr_line' id='line_1_8' title="bbox 154 600 1668 655; baseline -0.003 -12"><span class='ocrx_word' id='word_1_58' title='bbox 154 605 315 655; x_wconf 83' lang='grc' dir='ltr'>ἐφηγοῦ·</span> <span class='ocrx_word' id='word_1_59' title='bbox 353 608 465 643; x_wconf 80' lang='grc' dir='ltr'>τοῦτο</span> <span class='ocrx_word' id='word_1_60' title='bbox 495 604 728 654; x_wconf 82' lang='grc' dir='ltr'>ποιήσουσιν</span> <span class='ocrx_word' id='word_1_61' title='bbox 759 606 912 644; x_wconf 88' lang='grc' dir='ltr'>ἐκεῖνοι.</span> <span class='ocrx_word' id='word_1_62' title='bbox 951 602 1152 653; x_wconf 86' lang='grc' dir='ltr'>οὐδέτερον</span> <span class='ocrx_word' id='word_1_63' title='bbox 1186 602 1327 650; x_wconf 85' lang='grc' dir='ltr'>βούλει</span> <span class='ocrx_word' id='word_1_64' title='bbox 1359 602 1532 647; x_wconf 85' lang='grc' dir='ltr'>τούτων;</span> <span class='ocrx_word' id='word_1_65' title='bbox 1571 600 1668 652; x_wconf 85' lang='grc' dir='ltr'>γρά-</span> 
     </span>
     <span class='ocr_line' id='line_1_9' title="bbox 153 657 1665 711; baseline -0.001 -12"><span class='ocrx_word' id='word_1_66' title='bbox 153 665 243 711; x_wconf 88' lang='grc' dir='ltr'>φου.</span> <span class='ocrx_word' id='word_1_67' title='bbox 277 664 473 702; x_wconf 78' lang='grc' dir='ltr'>κατοκνεῖς</span> <span class='ocrx_word' id='word_1_68' title='bbox 496 661 556 700; x_wconf 84' lang='grc' dir='ltr'>καὶ</span> <span class='ocrx_word' id='word_1_69' title='bbox 577 664 689 700; x_wconf 82' lang='grc' dir='ltr'>τοῦτο</span> <span class='ocrx_word' id='word_1_70' title='bbox 712 661 773 700; x_wconf 88' lang='grc' dir='ltr'>καὶ</span> <span class='ocrx_word' id='word_1_71' title='bbox 798 660 917 709; x_wconf 83' lang='grc' dir='ltr'>πένης</span> <span class='ocrx_word' id='word_1_72' title='bbox 938 658 992 698; x_wconf 81' lang='grc' dir='ltr'>ὢν</span> <span class='ocrx_word' id='word_1_73' title='bbox 1013 659 1080 698; x_wconf 84' lang='grc' dir='ltr'>οὐκ</span> <span class='ocrx_word' id='word_1_74' title='bbox 1106 657 1153 696; x_wconf 80' lang='grc' dir='ltr'>ἂν</span> <span class='ocrx_word' id='word_1_75' title='bbox 1176 657 1282 709; x_wconf 79' lang='grc' dir='ltr'>ἔχοις</span> <span class='ocrx_word' id='word_1_76' title='bbox 1302 657 1434 709; x_wconf 78' lang='grc' dir='ltr'>χιλίας</span> <span class='ocrx_word' id='word_1_77' title='bbox 1455 657 1665 704; x_wconf 84' lang='grc' dir='ltr'>ἀποτῖσαι;</span> 
     </span>
     <span class='ocr_line' id='line_1_10' title="bbox 154 712 1669 767; baseline -0.001 -12"><span class='ocrx_word' id='word_1_78' title='bbox 154 715 306 765; x_wconf 77' lang='grc' dir='ltr'>δικάζου</span> <span class='ocrx_word' id='word_1_79' title='bbox 342 719 488 767; x_wconf 82' lang='grc' dir='ltr'>κλοπῆς</span> <span class='ocrx_word' id='word_1_80' title='bbox 521 717 617 767; x_wconf 82' lang='grc' dir='ltr'>πρὸς</span> <span class='ocrx_word' id='word_1_81' title='bbox 652 716 857 766; x_wconf 82' lang='grc' dir='ltr'>διαιτητὴν,</span> <span class='ocrx_word' id='word_1_82' title='bbox 893 716 955 755; x_wconf 87' lang='grc' dir='ltr'>καὶ</span> <span class='ocrx_word' id='word_1_83' title='bbox 987 715 1032 753; x_wconf 87' lang='grc' dir='ltr'>οὐ</span> <span class='ocrx_word' id='word_1_84' title='bbox 1065 713 1335 755; x_wconf 89' lang='grc' dir='ltr'>κινδυνεύσεις.</span> <span class='ocrx_word' id='word_1_85' title='bbox 1378 714 1524 753; x_wconf 88' lang='grc' dir='ltr'>τούτων</span> <span class='ocrx_word' id='word_1_86' title='bbox 1555 712 1669 753; x_wconf 83' lang='grc' dir='ltr'>οὐδέν</span> 
     </span>
     <span class='ocr_line' id='line_1_11' title="bbox 154 767 1663 826; baseline -0.001 -15"><span class='ocrx_word' id='word_1_87' title='bbox 154 773 238 812; x_wconf 88' lang='grc' dir='ltr'>ἐστι</span> <span class='ocrx_word' id='word_1_88' title='bbox 270 772 313 811; x_wconf 83' lang='grc' dir='ltr'>τὸ</span> <span class='ocrx_word' id='word_1_89' title='bbox 348 773 452 812; x_wconf 84' lang='grc' dir='ltr'>αὐτό.</span> <span class='ocrx_word' id='word_1_90' title='bbox 522 772 684 812; x_wconf 68' lang='lat' dir='ltr'>Viribus</span> <span class='ocrx_word' id='word_1_91' title='bbox 706 772 833 826; x_wconf 73' lang='lat' dir='ltr'>polles</span> <span class='ocrx_word' id='word_1_92' title='bbox 863 778 981 824; x_wconf 71' lang='lat' dir='ltr'>alque</span> <span class='ocrx_word' id='word_1_93' title='bbox 1015 770 1069 810; x_wconf 71' lang='lat' dir='ltr'>iis</span> <span class='ocrx_word' id='word_1_94' title='bbox 1101 782 1138 809; x_wconf 79' lang='lat' dir='ltr'>es</span> <span class='ocrx_word' id='word_1_95' title='bbox 1157 769 1330 822; x_wconf 49' lang='lat' dir='ltr'>fictus?</span> <span class='ocrx_word' id='word_1_96' title='bbox 1365 767 1494 808; x_wconf 73' lang='lat' dir='ltr'>abduc</span> <span class='ocrx_word' id='word_1_97' title='bbox 1528 769 1587 808; x_wconf 79' lang='lat' dir='ltr'>ad</span> <span class='ocrx_word' id='word_1_98' title='bbox 1619 782 1663 809; x_wconf 89' lang='lat'>11</span> 
     </span>
     <span class='ocr_line' id='line_1_12' title="bbox 153 825 1668 880; baseline -0.001 -13"><span class='ocrx_word' id='word_1_99' title='bbox 153 828 284 868; x_wconf 62' lang='lat' dir='ltr'>ciros:</span> <span class='ocrx_word' id='word_1_100' title='bbox 318 842 451 868; x_wconf 67' lang='lat' dir='ltr'>verum</span> <span class='ocrx_word' id='word_1_101' title='bbox 481 828 588 868; x_wconf 71' lang='lat' dir='ltr'>mille</span> <span class='ocrx_word' id='word_1_102' title='bbox 619 828 819 868; x_wconf 72' lang='lat' dir='ltr'>draclmzc&#39;s</span> <span class='ocrx_word' id='word_1_103' title='bbox 844 826 1107 880; x_wconf 68' lang='lat' dir='ltr'>periclitaris.</span> <span class='ocrx_word' id='word_1_104' title='bbox 1169 825 1312 865; x_wconf 71' lang='lat' dir='ltr'>Minus</span> <span class='ocrx_word' id='word_1_105' title='bbox 1343 825 1447 865; x_wconf 73' lang='lat' dir='ltr'>‘codes</span> <span class='ocrx_word' id='word_1_106' title='bbox 1478 825 1668 865; x_wconf 67' lang='lat' dir='ltr'>viribus?</span> 
     </span>
     <span class='ocr_line' id='line_1_13' title="bbox 153 881 1672 938; baseline -0.001 -14"><span class='ocrx_word' id='word_1_107' title='bbox 153 884 450 938; x_wconf 66' lang='lat' dir='ltr'>magyistratibus</span> <span class='ocrx_word' id='word_1_108' title='bbox 484 884 623 924; x_wconf 74' lang='lat' dir='ltr'>indica</span> <span class='ocrx_word' id='word_1_109' title='bbox 658 890 694 924; x_wconf 74' lang='lat' dir='ltr'>et</span> <span class='ocrx_word' id='word_1_110' title='bbox 728 898 786 924; x_wconf 79' lang='lat' dir='ltr'>eos</span> <span class='ocrx_word' id='word_1_111' title='bbox 825 883 1006 923; x_wconf 70' lang='lat' dir='ltr'>deducito</span> <span class='ocrx_word' id='word_1_112' title='bbox 1028 899 1041 921; x_wconf 94' lang='grc'>.·</span> <span class='ocrx_word' id='word_1_113' title='bbox 1082 882 1163 935; x_wconf 68' lang='lat' dir='ltr'>‘ipsc&#39;</span> <span class='ocrx_word' id='word_1_114' title='bbox 1198 881 1246 921; x_wconf 69' lang='lat' dir='ltr'>vid</span> <span class='ocrx_word' id='word_1_115' title='bbox 1271 881 1432 934; x_wconf 72' lang='lat' dir='ltr'>facient</span> <span class='ocrx_word' id='word_1_116' title='bbox 1467 888 1500 921; x_wconf 72' lang='lat' dir='ltr'>et</span> <span class='ocrx_word' id='word_1_117' title='bbox 1528 881 1672 934; x_wconf 70' lang='lat' dir='ltr'>furem</span> 
     </span>
     <span class='ocr_line' id='line_1_14' title="bbox 143 938 1670 994; baseline -0.001 -15"><span class='ocrx_word' id='word_1_118' title='bbox 143 941 345 994; x_wconf 68' lang='lat' dir='ltr'>prehendi</span> <span class='ocrx_word' id='word_1_119' title='bbox 372 939 576 993; x_wconf 69' lang='lat' dir='ltr'>jubebunt.</span> <span class='ocrx_word' id='word_1_120' title='bbox 638 941 838 980; x_wconf 75' lang='lat' dir='ltr'>Neutrmn</span> <span class='ocrx_word' id='word_1_121' title='bbox 873 940 1038 979; x_wconf 69' lang='lat' dir='ltr'>istormn</span> <span class='ocrx_word' id='word_1_122' title='bbox 1073 939 1133 978; x_wconf 74' lang='lat' dir='ltr'>vis</span> <span class='ocrx_word' id='word_1_123' title='bbox 1154 939 1173 977; x_wconf 73' lang='grc'>,9</span> <span class='ocrx_word' id='word_1_124' title='bbox 1216 952 1371 978; x_wconf 68' lang='lat' dir='ltr'>accusa.</span> <span class='ocrx_word' id='word_1_125' title='bbox 1430 938 1519 978; x_wconf 74' lang='lat' dir='ltr'>Hoc</span> <span class='ocrx_word' id='word_1_126' title='bbox 1551 938 1670 978; x_wconf 69' lang='lat' dir='ltr'>etiam</span> 
     </span>
     <span class='ocr_line' id='line_1_15' title="bbox 152 994 1668 1050; baseline -0.001 -14"><span class='ocrx_word' id='word_1_127' title='bbox 152 1011 229 1036; x_wconf 71' lang='lat' dir='ltr'>ozon</span> <span class='ocrx_word' id='word_1_128' title='bbox 261 996 382 1036; x_wconf 61' lang='lat' dir='ltr'>caudes</span> <span class='ocrx_word' id='word_1_129' title='bbox 413 1002 448 1036; x_wconf 78' lang='lat' dir='ltr'>et</span> <span class='ocrx_word' id='word_1_130' title='bbox 474 997 698 1050; x_wconf 71' lang='lat' dir='ltr'>pauperior</span> <span class='ocrx_word' id='word_1_131' title='bbox 732 1011 769 1036; x_wconf 74' lang='lat' dir='ltr'>es</span> <span class='ocrx_word' id='word_1_132' title='bbox 803 1010 921 1050; x_wconf 72' lang='lat' dir='ltr'>quam</span> <span class='ocrx_word' id='word_1_133' title='bbox 956 996 1026 1050; x_wconf 69' lang='lat' dir='ltr'>(jeci</span> <span class='ocrx_word' id='word_1_134' title='bbox 1060 994 1167 1034; x_wconf 73' lang='lat' dir='ltr'>mille</span> <span class='ocrx_word' id='word_1_135' title='bbox 1201 994 1413 1034; x_wconf 68' lang='lat' dir='ltr'>drachmas</span> <span class='ocrx_word' id='word_1_136' title='bbox 1436 994 1565 1048; x_wconf 74' lang='lat' dir='ltr'>possis</span> <span class='ocrx_word' id='word_1_137' title='bbox 1596 995 1668 1035; x_wconf 82' lang='lat' dir='ltr'>sol-</span> 
     </span>
     <span class='ocr_line' id='line_1_16' title="bbox 150 1050 1668 1106; baseline 0 -14"><span class='ocrx_word' id='word_1_138' title='bbox 150 1055 272 1093; x_wconf 68' lang='lat' dir='ltr'>vere?</span> <span class='ocrx_word' id='word_1_139' title='bbox 304 1053 419 1106; x_wconf 69' lang='lat' dir='ltr'>ficrtc&#39;</span> <span class='ocrx_word' id='word_1_140' title='bbox 453 1067 524 1106; x_wconf 64' lang='lat' dir='ltr'>aye</span> <span class='ocrx_word' id='word_1_141' title='bbox 558 1052 674 1106; x_wconf 70' lang='lat' dir='ltr'>apud</span> <span class='ocrx_word' id='word_1_142' title='bbox 705 1053 871 1092; x_wconf 70' lang='lat' dir='ltr'>minores</span> <span class='ocrx_word' id='word_1_143' title='bbox 894 1052 1062 1105; x_wconf 47' lang='grc' dir='ltr'>ιφἰιιίίιίις,</span> <span class='ocrx_word' id='word_1_144' title='bbox 1098 1056 1133 1091; x_wconf 72' lang='lat' dir='ltr'>ct</span> <span class='ocrx_word' id='word_1_145' title='bbox 1172 1057 1284 1090; x_wconf 63' lang='lat' dir='ltr'>emm</span> <span class='ocrx_word' id='word_1_146' title='bbox 1314 1050 1544 1104; x_wconf 71' lang='lat' dir='ltr'>periculmn</span> <span class='ocrx_word' id='word_1_147' title='bbox 1578 1051 1668 1092; x_wconf 74' lang='lat' dir='ltr'>eris.</span> 
     </span>
     <span class='ocr_line' id='line_1_17' title="bbox 150 1106 1669 1163; baseline -0.002 -14"><span class='ocrx_word' id='word_1_148' title='bbox 150 1110 264 1150; x_wconf 65' lang='lat' dir='ltr'>Haec</span> <span class='ocrx_word' id='word_1_149' title='bbox 283 1109 416 1149; x_wconf 76' lang='lat' dir='ltr'>onmia</span> <span class='ocrx_word' id='word_1_150' title='bbox 437 1109 597 1149; x_wconf 69' lang='lat' dir='ltr'>diversa</span> <span class='ocrx_word' id='word_1_151' title='bbox 621 1115 723 1149; x_wconf 69' lang='lat' dir='ltr'>sunt.</span> <span class='ocrx_word' id='word_1_152' title='bbox 787 1108 931 1148; x_wconf 79' lang='lat' dir='ltr'>Delovi</span> <span class='ocrx_word' id='word_1_153' title='bbox 954 1111 1063 1163; x_wconf 76' lang='grc' dir='ltr'>φοβῇ</span> <span class='ocrx_word' id='word_1_154' title='bbox 1086 1107 1148 1147; x_wconf 86' lang='grc' dir='ltr'>καὶ</span> <span class='ocrx_word' id='word_1_155' title='bbox 1168 1110 1291 1155; x_wconf 85' lang='grc' dir='ltr'>τοῦτο,</span> <span class='ocrx_word' id='word_1_156' title='bbox 1314 1107 1415 1147; x_wconf 87' lang='grc'>110111</span> <span class='ocrx_word' id='word_1_157' title='bbox 1438 1106 1669 1161; x_wconf 83' lang='grc' dir='ltr'>καταμέμφῃ</span> 
     </span>
     <span class='ocr_line' id='line_1_18' title="bbox 152 1164 1667 1219; baseline -0.001 -14"><span class='ocrx_word' id='word_1_158' title='bbox 152 1166 309 1215; x_wconf 85' lang='grc' dir='ltr'>σαυτὸν,</span> <span class='ocrx_word' id='word_1_159' title='bbox 340 1180 446 1219; x_wconf 83' lang='lat' dir='ltr'>quae</span> <span class='ocrx_word' id='word_1_160' title='bbox 476 1165 614 1205; x_wconf 85' lang='lat' dir='ltr'>omnia</span> <span class='ocrx_word' id='word_1_161' title='bbox 645 1179 735 1205; x_wconf 84' lang='lat' dir='ltr'>esse</span> <span class='ocrx_word' id='word_1_162' title='bbox 766 1164 959 1205; x_wconf 85' lang='lat' dir='ltr'>existimo</span> <span class='ocrx_word' id='word_1_163' title='bbox 986 1165 1207 1205; x_wconf 86' lang='lat' dir='ltr'>verborum</span> <span class='ocrx_word' id='word_1_164' title='bbox 1239 1167 1437 1205; x_wconf 83' lang='grc' dir='ltr'>κατοκνεῖς</span> <span class='ocrx_word' id='word_1_165' title='bbox 1465 1164 1527 1203; x_wconf 85' lang='grc' dir='ltr'>καὶ</span> <span class='ocrx_word' id='word_1_166' title='bbox 1554 1167 1667 1203; x_wconf 79' lang='grc' dir='ltr'>τοῦτο</span> 
     </span>
     <span class='ocr_line' id='line_1_19' title="bbox 151 1219 1670 1276; baseline -0.002 -15"><span class='ocrx_word' id='word_1_167' title='bbox 151 1221 539 1276; x_wconf 80' lang='lat' dir='ltr'>interpretamenta.</span> <span class='ocrx_word' id='word_1_168' title='bbox 591 1221 734 1262; x_wconf 84' lang='lat' dir='ltr'>Delevi</span> <span class='ocrx_word' id='word_1_169' title='bbox 760 1222 886 1262; x_wconf 87' lang='lat' dir='ltr'>etiam</span> <span class='ocrx_word' id='word_1_170' title='bbox 908 1221 1062 1273; x_wconf 83' lang='grc' dir='ltr'>γράφου</span> <span class='ocrx_word' id='word_1_171' title='bbox 1087 1224 1130 1260; x_wconf 89' lang='lat' dir='ltr'>et</span> <span class='ocrx_word' id='word_1_172' title='bbox 1153 1222 1302 1271; x_wconf 80' lang='grc' dir='ltr'>ἐφηγοῦ</span> <span class='ocrx_word' id='word_1_173' title='bbox 1326 1219 1520 1273; x_wconf 83' lang='lat' dir='ltr'>repetita.</span> <span class='ocrx_word' id='word_1_174' title='bbox 1572 1219 1670 1260; x_wconf 81' lang='lat' dir='ltr'>Cer-</span> 
     </span>
     <span class='ocr_line' id='line_1_20' title="bbox 150 1275 1670 1330; baseline -0.002 -12"><span class='ocrx_word' id='word_1_175' title='bbox 150 1278 357 1318; x_wconf 87' lang='lat' dir='ltr'>tissimum</span> <span class='ocrx_word' id='word_1_176' title='bbox 378 1282 454 1327; x_wconf 76' lang='lat' dir='ltr'>est,</span> <span class='ocrx_word' id='word_1_177' title='bbox 478 1278 520 1317; x_wconf 91' lang='lat' dir='ltr'>in</span> <span class='ocrx_word' id='word_1_178' title='bbox 544 1278 608 1318; x_wconf 90' lang='lat' dir='ltr'>his</span> <span class='ocrx_word' id='word_1_179' title='bbox 629 1278 764 1319; x_wconf 79' lang='lat' dir='ltr'>verbis</span> <span class='ocrx_word' id='word_1_180' title='bbox 786 1277 1082 1318; x_wconf 76' lang='lat' dir='ltr'>Demosthenis</span> <span class='ocrx_word' id='word_1_181' title='bbox 1103 1275 1302 1330; x_wconf 82' lang='lat' dir='ltr'>explicari</span> <span class='ocrx_word' id='word_1_182' title='bbox 1325 1276 1551 1328; x_wconf 80' lang='grc' dir='ltr'>ἀπαγωγὴν,</span> <span class='ocrx_word' id='word_1_183' title='bbox 1575 1275 1670 1327; x_wconf 86' lang='grc' dir='ltr'>ἐφή-</span> 
     </span>
     <span class='ocr_line' id='line_1_21' title="bbox 149 1331 1668 1388; baseline -0.001 -15"><span class='ocrx_word' id='word_1_184' title='bbox 149 1351 279 1387; x_wconf 84' lang='grc' dir='ltr'>γησιν,</span> <span class='ocrx_word' id='word_1_185' title='bbox 306 1336 475 1387; x_wconf 78' lang='grc' dir='ltr'>γραφὴν,</span> <span class='ocrx_word' id='word_1_186' title='bbox 503 1336 622 1385; x_wconf 83' lang='grc' dir='ltr'>δίκην,</span> <span class='ocrx_word' id='word_1_187' title='bbox 651 1335 755 1375; x_wconf 81' lang='lat' dir='ltr'>haec</span> <span class='ocrx_word' id='word_1_188' title='bbox 783 1339 991 1388; x_wconf 76' lang='lat' dir='ltr'>quatuor3</span> <span class='ocrx_word' id='word_1_189' title='bbox 1027 1333 1223 1387; x_wconf 82' lang='lat' dir='ltr'>quicquid</span> <span class='ocrx_word' id='word_1_190' title='bbox 1253 1336 1395 1372; x_wconf 87' lang='lat' dir='ltr'>autem</span> <span class='ocrx_word' id='word_1_191' title='bbox 1423 1332 1536 1372; x_wconf 86' lang='lat' dir='ltr'>ultra</span> <span class='ocrx_word' id='word_1_192' title='bbox 1565 1331 1668 1372; x_wconf 86' lang='lat' dir='ltr'>haec</span> 
     </span>
     <span class='ocr_line' id='line_1_22' title="bbox 151 1387 1669 1444; baseline -0.002 -14"><span class='ocrx_word' id='word_1_193' title='bbox 151 1391 305 1431; x_wconf 83' lang='lat' dir='ltr'>dicitur</span> <span class='ocrx_word' id='word_1_194' title='bbox 325 1396 399 1432; x_wconf 82' lang='lat' dir='ltr'>aut</span> <span class='ocrx_word' id='word_1_195' title='bbox 422 1390 626 1431; x_wconf 75' lang='lat' dir='ltr'>inutiliter</span> <span class='ocrx_word' id='word_1_196' title='bbox 646 1391 865 1444; x_wconf 82' lang='lat' dir='ltr'>repetitur,</span> <span class='ocrx_word' id='word_1_197' title='bbox 885 1390 1159 1430; x_wconf 83' lang='lat' dir='ltr'>resecandum</span> <span class='ocrx_word' id='word_1_198' title='bbox 1181 1403 1282 1429; x_wconf 89' lang='lat' dir='ltr'>esse.</span> <span class='ocrx_word' id='word_1_199' title='bbox 1334 1388 1429 1428; x_wconf 89' lang='lat' dir='ltr'>Hoc</span> <span class='ocrx_word' id='word_1_200' title='bbox 1449 1387 1552 1427; x_wconf 90' lang='lat' dir='ltr'>mihi</span> <span class='ocrx_word' id='word_1_201' title='bbox 1574 1402 1669 1428; x_wconf 89' lang='lat' dir='ltr'>cum</span> 
     </span>
     <span class='ocr_line' id='line_1_23' title="bbox 153 1444 1669 1500; baseline -0.002 -13"><span class='ocrx_word' id='word_1_202' title='bbox 153 1447 342 1488; x_wconf 75' lang='lat' dir='ltr'>Hei-aldo</span> <span class='ocrx_word' id='word_1_203' title='bbox 373 1461 603 1488; x_wconf 88' lang='lat' dir='ltr'>connnune.</span> <span class='ocrx_word' id='word_1_204' title='bbox 665 1447 854 1487; x_wconf 83' lang='lat' dir='ltr'>Delenda</span> <span class='ocrx_word' id='word_1_205' title='bbox 884 1461 981 1487; x_wconf 86' lang='lat' dir='ltr'>vero</span> <span class='ocrx_word' id='word_1_206' title='bbox 1012 1446 1095 1486; x_wconf 85' lang='lat' dir='ltr'>ista</span> <span class='ocrx_word' id='word_1_207' title='bbox 1126 1445 1266 1500; x_wconf 89' lang='lat' dir='ltr'>potius</span> <span class='ocrx_word' id='word_1_208' title='bbox 1297 1458 1459 1493; x_wconf 86' lang='lat' dir='ltr'>censeO,</span> <span class='ocrx_word' id='word_1_209' title='bbox 1491 1458 1596 1498; x_wconf 84' lang='lat' dir='ltr'>quae</span> <span class='ocrx_word' id='word_1_210' title='bbox 1627 1444 1669 1484; x_wconf 91' lang='lat' dir='ltr'>in</span> 
     </span>
     <span class='ocr_line' id='line_1_24' title="bbox 151 1501 1670 1558; baseline -0.003 -14"><span class='ocrx_word' id='word_1_211' title='bbox 151 1504 233 1544; x_wconf 87' lang='lat' dir='ltr'>fine</span> <span class='ocrx_word' id='word_1_212' title='bbox 256 1504 490 1544; x_wconf 77' lang='lat' dir='ltr'>sententiae</span> <span class='ocrx_word' id='word_1_213' title='bbox 510 1504 730 1558; x_wconf 75' lang='lat' dir='ltr'>leguntur:</span> <span class='ocrx_word' id='word_1_214' title='bbox 764 1503 967 1554; x_wconf 82' lang='grc' dir='ltr'>οὐδέτερον</span> <span class='ocrx_word' id='word_1_215' title='bbox 986 1503 1127 1553; x_wconf 86' lang='grc' dir='ltr'>βούλει</span> <span class='ocrx_word' id='word_1_216' title='bbox 1152 1503 1325 1547; x_wconf 87' lang='grc' dir='ltr'>τούτων;</span> <span class='ocrx_word' id='word_1_217' title='bbox 1360 1501 1527 1553; x_wconf 82' lang='grc' dir='ltr'>γράφου.</span> <span class='ocrx_word' id='word_1_218' title='bbox 1561 1518 1670 1541; x_wconf 88' lang='grc' dir='ltr'>κατο-</span> 
     </span>
     <span class='ocr_line' id='line_1_25' title="bbox 154 1557 1671 1612; baseline -0.001 -12"><span class='ocrx_word' id='word_1_219' title='bbox 154 1565 256 1603; x_wconf 85' lang='grc' dir='ltr'>κνεῖς</span> <span class='ocrx_word' id='word_1_220' title='bbox 277 1561 338 1601; x_wconf 87' lang='grc' dir='ltr'>καὶ</span> <span class='ocrx_word' id='word_1_221' title='bbox 359 1564 470 1600; x_wconf 83' lang='grc' dir='ltr'>τοῦτο</span> <span class='ocrx_word' id='word_1_222' title='bbox 490 1577 500 1607; x_wconf 87' lang='grc'><strong>;</strong></span> <span class='ocrx_word' id='word_1_223' title='bbox 536 1562 696 1612; x_wconf 80' lang='grc' dir='ltr'>ἐφηγοῦ.</span> <span class='ocrx_word' id='word_1_224' title='bbox 759 1560 939 1600; x_wconf 84' lang='lat' dir='ltr'>Remoto</span> <span class='ocrx_word' id='word_1_225' title='bbox 961 1559 1069 1600; x_wconf 90' lang='lat' dir='ltr'>enim</span> <span class='ocrx_word' id='word_1_226' title='bbox 1090 1559 1168 1598; x_wconf 97' lang='grc'>1100</span> <span class='ocrx_word' id='word_1_227' title='bbox 1194 1557 1348 1598; x_wconf 85' lang='lat' dir='ltr'>scholio</span> <span class='ocrx_word' id='word_1_228' title='bbox 1370 1562 1510 1598; x_wconf 83' lang='lat' dir='ltr'>cetera</span> <span class='ocrx_word' id='word_1_229' title='bbox 1531 1557 1671 1598; x_wconf 83' lang='lat' dir='ltr'>omnia</span> 
     </span>
     <span class='ocr_line' id='line_1_26' title="bbox 150 1613 1671 1671; baseline -0.002 -14"><span class='ocrx_word' id='word_1_230' title='bbox 150 1622 300 1671; x_wconf 81' lang='lat' dir='ltr'>aperta</span> <span class='ocrx_word' id='word_1_231' title='bbox 327 1621 499 1657; x_wconf 86' lang='lat' dir='ltr'>manent</span> <span class='ocrx_word' id='word_1_232' title='bbox 527 1621 570 1657; x_wconf 88' lang='lat' dir='ltr'>et</span> <span class='ocrx_word' id='word_1_233' title='bbox 596 1616 749 1657; x_wconf 77' lang='lat' dir='ltr'>facilia.</span> <span class='ocrx_word' id='word_1_234' title='bbox 811 1616 1008 1657; x_wconf 78' lang='lat' dir='ltr'>Ceterum</span> <span class='ocrx_word' id='word_1_235' title='bbox 1032 1615 1164 1655; x_wconf 86' lang='lat' dir='ltr'>multa</span> <span class='ocrx_word' id='word_1_236' title='bbox 1185 1615 1236 1655; x_wconf 90' lang='lat' dir='ltr'>de</span> <span class='ocrx_word' id='word_1_237' title='bbox 1263 1615 1342 1654; x_wconf 89' lang='grc'>1100</span> <span class='ocrx_word' id='word_1_238' title='bbox 1369 1614 1459 1653; x_wconf 89' lang='grc'>1000</span> <span class='ocrx_word' id='word_1_239' title='bbox 1481 1613 1671 1667; x_wconf 85' lang='lat' dir='ltr'>disputat</span> 
     </span>
     <span class='ocr_line' id='line_1_27' title="bbox 152 1670 1671 1725; baseline -0.003 -12"><span class='ocrx_word' id='word_1_240' title='bbox 152 1673 282 1714; x_wconf 84' lang='lat' dir='ltr'>etiam</span> <span class='ocrx_word' id='word_1_241' title='bbox 308 1673 536 1713; x_wconf 83' lang='lat' dir='ltr'>Salmasius</span> <span class='ocrx_word' id='word_1_242' title='bbox 562 1673 613 1713; x_wconf 90' lang='lat' dir='ltr'>de</span> <span class='ocrx_word' id='word_1_243' title='bbox 637 1674 768 1714; x_wconf 91' lang='lat' dir='ltr'>Modo</span> <span class='ocrx_word' id='word_1_244' title='bbox 792 1673 1029 1713; x_wconf 87' lang='lat' dir='ltr'>Usurarum</span> <span class='ocrx_word' id='word_1_245' title='bbox 1050 1687 1090 1725; x_wconf 89' lang='lat' dir='ltr'>p.</span> <span class='ocrx_word' id='word_1_246' title='bbox 1114 1673 1195 1724; x_wconf 89' lang='lat'>776</span> <span class='ocrx_word' id='word_1_247' title='bbox 1218 1685 1303 1724; x_wconf 88' lang='lat' dir='ltr'>seq.</span> <span class='ocrx_word' id='word_1_248' title='bbox 1365 1670 1671 1711; x_wconf 86' lang='lat' dir='ltr'>Difficultatem</span> 
     </span>
     <span class='ocr_line' id='line_1_28' title="bbox 147 1726 1671 1784; baseline -0.001 -15"><span class='ocrx_word' id='word_1_249' title='bbox 147 1730 236 1783; x_wconf 89' lang='lat' dir='ltr'>jam</span> <span class='ocrx_word' id='word_1_250' title='bbox 258 1730 466 1784; x_wconf 90' lang='lat' dir='ltr'>Ulpianus</span> <span class='ocrx_word' id='word_1_251' title='bbox 496 1729 637 1777; x_wconf 76' lang='lat' dir='ltr'>sensit,</span> <span class='ocrx_word' id='word_1_252' title='bbox 667 1729 737 1784; x_wconf 86' lang='lat' dir='ltr'>qui</span> <span class='ocrx_word' id='word_1_253' title='bbox 768 1729 871 1770; x_wconf 86' lang='lat' dir='ltr'>haec</span> <span class='ocrx_word' id='word_1_254' title='bbox 901 1728 1131 1777; x_wconf 81' lang='lat' dir='ltr'>annotavit,</span> <span class='ocrx_word' id='word_1_255' title='bbox 1163 1729 1206 1768; x_wconf 84' lang='grc' dir='ltr'>ἐν</span> <span class='ocrx_word' id='word_1_256' title='bbox 1233 1731 1284 1782; x_wconf 75' lang='grc' dir='ltr'>τῷ</span> <span class='ocrx_word' id='word_1_257' title='bbox 1315 1726 1424 1778; x_wconf 87' lang='grc' dir='ltr'>μέρει</span> <span class='ocrx_word' id='word_1_258' title='bbox 1454 1727 1574 1780; x_wconf 78' lang='grc' dir='ltr'>τούτῳ</span> <span class='ocrx_word' id='word_1_259' title='bbox 1605 1729 1671 1777; x_wconf 86' lang='grc' dir='ltr'>τῆς</span> 
     </span>
     <span class='ocr_line' id='line_1_29' title="bbox 152 1783 1670 1838; baseline -0.002 -12"><span class='ocrx_word' id='word_1_260' title='bbox 152 1788 304 1829; x_wconf 84' lang='grc' dir='ltr'>λύσεως</span> <span class='ocrx_word' id='word_1_261' title='bbox 331 1787 416 1826; x_wconf 81' lang='grc' dir='ltr'>ἔστι</span> <span class='ocrx_word' id='word_1_262' title='bbox 443 1803 479 1826; x_wconf 91' lang='grc' dir='ltr'>τι</span> <span class='ocrx_word' id='word_1_263' title='bbox 504 1790 581 1826; x_wconf 81' lang='grc' dir='ltr'>τῶν</span> <span class='ocrx_word' id='word_1_264' title='bbox 607 1787 801 1838; x_wconf 82' lang='grc' dir='ltr'>ἀσαφῶν</span> <span class='ocrx_word' id='word_1_265' title='bbox 833 1788 928 1826; x_wconf 77' lang='grc' dir='ltr'>κατὰ</span> <span class='ocrx_word' id='word_1_266' title='bbox 953 1786 1023 1835; x_wconf 77' lang='grc' dir='ltr'>τὴν</span> <span class='ocrx_word' id='word_1_267' title='bbox 1048 1785 1295 1837; x_wconf 74' lang='grc' dir='ltr'>ἐξαγγελίαν,</span> <span class='ocrx_word' id='word_1_268' title='bbox 1322 1787 1479 1833; x_wconf 76' lang='grc' dir='ltr'>μᾶλλον</span> <span class='ocrx_word' id='word_1_269' title='bbox 1505 1783 1548 1822; x_wconf 84' lang='grc' dir='ltr'>δὲ</span> <span class='ocrx_word' id='word_1_270' title='bbox 1573 1786 1670 1823; x_wconf 82' lang='grc' dir='ltr'>κατὰ</span> 
     </span>
     <span class='ocr_line' id='line_1_30' title="bbox 151 1839 1669 1894; baseline -0.003 -12"><span class='ocrx_word' id='word_1_271' title='bbox 151 1843 221 1893; x_wconf 79' lang='grc' dir='ltr'>τὴν</span> <span class='ocrx_word' id='word_1_272' title='bbox 251 1843 425 1894; x_wconf 82' lang='grc' dir='ltr'>ἱστορίαν</span> <span class='ocrx_word' id='word_1_273' title='bbox 452 1845 518 1893; x_wconf 84' lang='grc' dir='ltr'>τῆς</span> <span class='ocrx_word' id='word_1_274' title='bbox 545 1844 757 1891; x_wconf 80' lang='grc' dir='ltr'>πολιτείας,</span> <span class='ocrx_word' id='word_1_275' title='bbox 785 1843 809 1882; x_wconf 73' lang='grc' dir='ltr'><strong><em>ἃ</em></strong></span> <span class='ocrx_word' id='word_1_276' title='bbox 834 1843 1094 1893; x_wconf 80' lang='grc' dir='ltr'>παρείληπται</span> <span class='ocrx_word' id='word_1_277' title='bbox 1120 1842 1193 1890; x_wconf 81' lang='grc' dir='ltr'>μὲν</span> <span class='ocrx_word' id='word_1_278' title='bbox 1221 1841 1271 1882; x_wconf 85' lang='grc' dir='ltr'>ὡς</span> <span class='ocrx_word' id='word_1_279' title='bbox 1298 1839 1555 1890; x_wconf 83' lang='grc' dir='ltr'>παράδειγμα,</span> <span class='ocrx_word' id='word_1_280' title='bbox 1582 1842 1669 1879; x_wconf 86' lang='grc' dir='ltr'>δεῖ-</span> 
     </span>
     <span class='ocr_line' id='line_1_31' title="bbox 152 1895 1668 1949; baseline -0.003 -11"><span class='ocrx_word' id='word_1_281' title='bbox 152 1915 214 1939; x_wconf 83' lang='grc' dir='ltr'>ται</span> <span class='ocrx_word' id='word_1_282' title='bbox 247 1901 287 1939; x_wconf 84' lang='grc' dir='ltr'>δὲ</span> <span class='ocrx_word' id='word_1_283' title='bbox 320 1902 398 1949; x_wconf 86' lang='grc' dir='ltr'>τῆς</span> <span class='ocrx_word' id='word_1_284' title='bbox 433 1899 737 1949; x_wconf 86' lang='grc' dir='ltr'>διορθώσεως.</span> <span class='ocrx_word' id='word_1_285' title='bbox 771 1897 1033 1938; x_wconf 81' lang='lat' dir='ltr'>TAYLOR.</span> <span class='ocrx_word' id='word_1_286' title='bbox 1096 1897 1272 1937; x_wconf 80' lang='lat' dir='ltr'>Secutus</span> <span class='ocrx_word' id='word_1_287' title='bbox 1304 1910 1396 1935; x_wconf 82' lang='lat' dir='ltr'>sum</span> <span class='ocrx_word' id='word_1_288' title='bbox 1431 1895 1668 1948; x_wconf 84' lang='lat' dir='ltr'>Taylorum.</span> 
     </span>
     <span class='ocr_line' id='line_1_32' title="bbox 153 1951 1669 1996; baseline -0.002 -1"><span class='ocrx_word' id='word_1_289' title='bbox 153 1955 251 1996; x_wconf 84' lang='lat' dir='ltr'>Alia</span> <span class='ocrx_word' id='word_1_290' title='bbox 271 1955 455 1995; x_wconf 86' lang='lat' dir='ltr'>tentavit</span> <span class='ocrx_word' id='word_1_291' title='bbox 477 1955 716 1995; x_wconf 84' lang='lat' dir='ltr'>Dobraeus:</span> <span class='ocrx_word' id='word_1_292' title='bbox 742 1960 765 1977; x_wconf 80' lang='grc'>“</span> <span class='ocrx_word' id='word_1_293' title='bbox 781 1954 943 1995; x_wconf 86' lang='lat' dir='ltr'>Collato</span> <span class='ocrx_word' id='word_1_294' title='bbox 967 1953 1156 1993; x_wconf 80' lang='lat' dir='ltr'>Heraldo</span> <span class='ocrx_word' id='word_1_295' title='bbox 1178 1967 1286 1992; x_wconf 88' lang='lat' dir='ltr'>nunc</span> <span class='ocrx_word' id='word_1_296' title='bbox 1314 1951 1456 1992; x_wconf 79' lang='lat' dir='ltr'>malim</span> <span class='ocrx_word' id='word_1_297' title='bbox 1483 1952 1669 1994; x_wconf 87' lang='grc' dir='ltr'>κίνδυνος.</span> 
     </span>
     <span class='ocr_line' id='line_1_33' title="bbox 152 2008 1669 2064; baseline -0.002 -13"><span class='ocrx_word' id='word_1_298' title='bbox 152 2012 439 2062; x_wconf 84' lang='grc' dir='ltr'>ἀσθενέστερος</span> <span class='ocrx_word' id='word_1_299' title='bbox 472 2011 533 2057; x_wconf 72' lang='grc' dir='ltr'>εἷς</span> <span class='ocrx_word' id='word_1_300' title='bbox 570 2015 650 2053; x_wconf 88' lang='grc' dir='ltr'>τοῖς</span> <span class='ocrx_word' id='word_1_301' title='bbox 683 2012 873 2064; x_wconf 78' lang='grc' dir='ltr'>ἄρχουσιν</span> <span class='ocrx_word' id='word_1_302' title='bbox 907 2012 1071 2062; x_wconf 84' lang='grc' dir='ltr'>ἐφηγοῦ·</span> <span class='ocrx_word' id='word_1_303' title='bbox 1104 2012 1216 2048; x_wconf 83' lang='grc' dir='ltr'>τοῦτο</span> <span class='ocrx_word' id='word_1_304' title='bbox 1249 2008 1481 2058; x_wconf 88' lang='grc' dir='ltr'>ποιήσουσιν</span> <span class='ocrx_word' id='word_1_305' title='bbox 1514 2009 1669 2048; x_wconf 87' lang='grc' dir='ltr'>ἐκεῖνοι.</span> 
     </span>
     <span class='ocr_line' id='line_1_34' title="bbox 153 2063 1670 2119; baseline -0.002 -12"><span class='ocrx_word' id='word_1_306' title='bbox 153 2068 357 2119; x_wconf 82' lang='grc' dir='ltr'>οὐδέτερον</span> <span class='ocrx_word' id='word_1_307' title='bbox 392 2069 533 2117; x_wconf 83' lang='grc' dir='ltr'>βούλει</span> <span class='ocrx_word' id='word_1_308' title='bbox 568 2068 739 2114; x_wconf 87' lang='grc' dir='ltr'>τούτων;</span> <span class='ocrx_word' id='word_1_309' title='bbox 788 2067 954 2119; x_wconf 84' lang='grc' dir='ltr'>γράφου.</span> <span class='ocrx_word' id='word_1_310' title='bbox 1000 2070 1197 2107; x_wconf 85' lang='grc' dir='ltr'>κατοκνεῖς</span> <span class='ocrx_word' id='word_1_311' title='bbox 1234 2065 1296 2104; x_wconf 80' lang='grc' dir='ltr'>καὶ</span> <span class='ocrx_word' id='word_1_312' title='bbox 1332 2069 1470 2111; x_wconf 81' lang='grc' dir='ltr'>τοῦτο;</span> <span class='ocrx_word' id='word_1_313' title='bbox 1520 2063 1670 2112; x_wconf 83' lang='grc' dir='ltr'>δικάζου</span> 
     </span>
     <span class='ocr_line' id='line_1_35' title="bbox 160 2119 1670 2177; baseline -0.003 -14"><span class='ocrx_word' id='word_1_314' title='bbox 160 2124 365 2177; x_wconf 83' lang='grc' dir='ltr'>[κλοπῆς].</span> <span class='ocrx_word' id='word_1_315' title='bbox 429 2123 504 2174; x_wconf 78' lang='lat' dir='ltr'>Qu.</span> <span class='ocrx_word' id='word_1_316' title='bbox 542 2138 596 2163; x_wconf 87' lang='lat' dir='ltr'>an</span> <span class='ocrx_word' id='word_1_317' title='bbox 632 2123 807 2163; x_wconf 74' lang='lat' dir='ltr'>delenda</span> <span class='ocrx_word' id='word_1_318' title='bbox 842 2138 923 2163; x_wconf 81' lang='lat' dir='ltr'>vox</span> <span class='ocrx_word' id='word_1_319' title='bbox 958 2122 1118 2162; x_wconf 89' lang='lat' dir='ltr'>ultima.</span> <span class='ocrx_word' id='word_1_320' title='bbox 1182 2121 1346 2161; x_wconf 76' lang='lat' dir='ltr'>Scilicet</span> <span class='ocrx_word' id='word_1_321' title='bbox 1380 2119 1670 2175; x_wconf 76' lang='grc' dir='ltr'>καταμέμφῃ-</span> 
     </span>
     <span class='ocr_line' id='line_1_36' title="bbox 154 2177 1669 2233; baseline -0.003 -13"><span class='ocrx_word' id='word_1_322' title='bbox 154 2183 303 2221; x_wconf 87' lang='grc' dir='ltr'>ἐκτῖσαι</span> <span class='ocrx_word' id='word_1_323' title='bbox 328 2180 512 2220; x_wconf 80' lang='lat' dir='ltr'>scholion</span> <span class='ocrx_word' id='word_1_324' title='bbox 540 2194 628 2220; x_wconf 86' lang='lat' dir='ltr'>csse</span> <span class='ocrx_word' id='word_1_325' title='bbox 655 2188 758 2233; x_wconf 85' lang='lat' dir='ltr'>puto</span> <span class='ocrx_word' id='word_1_326' title='bbox 786 2179 840 2220; x_wconf 88' lang='lat' dir='ltr'>ad</span> <span class='ocrx_word' id='word_1_327' title='bbox 869 2180 1155 2229; x_wconf 81' lang='grc' dir='ltr'>ἀσθενέστερος</span> <span class='ocrx_word' id='word_1_328' title='bbox 1183 2177 1228 2225; x_wconf 80' lang='grc' dir='ltr'>εῖ,</span> <span class='ocrx_word' id='word_1_329' title='bbox 1256 2182 1299 2217; x_wconf 87' lang='lat' dir='ltr'>et</span> <span class='ocrx_word' id='word_1_330' title='bbox 1329 2177 1438 2232; x_wconf 83' lang='grc' dir='ltr'>φοβῇ</span> <span class='ocrx_word' id='word_1_331' title='bbox 1468 2177 1530 2216; x_wconf 85' lang='grc' dir='ltr'>καὶ</span> <span class='ocrx_word' id='word_1_332' title='bbox 1556 2179 1669 2216; x_wconf 84' lang='grc' dir='ltr'>τοῦτο</span> 
     </span>
     <span class='ocr_line' id='line_1_37' title="bbox 152 2232 1667 2290; baseline -0.003 -13"><span class='ocrx_word' id='word_1_333' title='bbox 152 2237 208 2277; x_wconf 80' lang='lat' dir='ltr'>ad</span> <span class='ocrx_word' id='word_1_334' title='bbox 250 2241 448 2278; x_wconf 82' lang='grc' dir='ltr'>κατοκνεῖς</span> <span class='ocrx_word' id='word_1_335' title='bbox 489 2237 550 2276; x_wconf 87' lang='grc' dir='ltr'>καὶ</span> <span class='ocrx_word' id='word_1_336' title='bbox 590 2239 718 2285; x_wconf 82' lang='grc' dir='ltr'>τοῦτο,</span> <span class='ocrx_word' id='word_1_337' title='bbox 756 2240 971 2290; x_wconf 83' lang='lat' dir='ltr'>postrema</span> <span class='ocrx_word' id='word_1_338' title='bbox 1012 2249 1109 2275; x_wconf 84' lang='lat' dir='ltr'>Vero</span> <span class='ocrx_word' id='word_1_339' title='bbox 1150 2248 1258 2287; x_wconf 83' lang='lat' dir='ltr'>quae</span> <span class='ocrx_word' id='word_1_340' title='bbox 1298 2233 1410 2274; x_wconf 87' lang='lat' dir='ltr'>delet</span> <span class='ocrx_word' id='word_1_341' title='bbox 1451 2232 1667 2286; x_wconf 80' lang='lat' dir='ltr'>Taylorus,</span> 
     </span>
     <span class='ocr_line' id='line_1_38' title="bbox 151 2289 1670 2346; baseline -0.003 -14"><span class='ocrx_word' id='word_1_342' title='bbox 151 2293 311 2333; x_wconf 83' lang='lat' dir='ltr'>variam</span> <span class='ocrx_word' id='word_1_343' title='bbox 346 2292 566 2332; x_wconf 85' lang='lat' dir='ltr'>lectionem</span> <span class='ocrx_word' id='word_1_344' title='bbox 601 2306 775 2346; x_wconf 85' lang='lat' dir='ltr'>eamque</span> <span class='ocrx_word' id='word_1_345' title='bbox 810 2306 964 2341; x_wconf 73' lang='lat' dir='ltr'>veram,</span> <span class='ocrx_word' id='word_1_346' title='bbox 998 2306 1088 2331; x_wconf 87' lang='lat' dir='ltr'>esse</span> <span class='ocrx_word' id='word_1_347' title='bbox 1123 2290 1397 2344; x_wconf 85' lang='lat' dir='ltr'>superiorum,</span> <span class='ocrx_word' id='word_1_348' title='bbox 1432 2303 1517 2329; x_wconf 91' lang='lat' dir='ltr'>non</span> <span class='ocrx_word' id='word_1_349' title='bbox 1551 2289 1670 2329; x_wconf 87' lang='lat' dir='ltr'>scho-</span> 
     </span>
     <span class='ocr_line' id='line_1_39' title="bbox 152 2345 1668 2403; baseline -0.004 -14"><span class='ocrx_word' id='word_1_350' title='bbox 152 2350 274 2389; x_wconf 77' lang='lat' dir='ltr'>lion.&#39;&#39;</span> <span class='ocrx_word' id='word_1_351' title='bbox 334 2349 434 2389; x_wconf 89' lang='lat' dir='ltr'>Alia</span> <span class='ocrx_word' id='word_1_352' title='bbox 469 2349 645 2403; x_wconf 87' lang='lat' dir='ltr'>denique</span> <span class='ocrx_word' id='word_1_353' title='bbox 683 2349 834 2389; x_wconf 87' lang='lat' dir='ltr'>Meieri</span> <span class='ocrx_word' id='word_1_354' title='bbox 870 2349 1111 2402; x_wconf 77' lang='lat' dir='ltr'>conjectura</span> <span class='ocrx_word' id='word_1_355' title='bbox 1145 2351 1210 2386; x_wconf 86' lang='lat' dir='ltr'>est</span> <span class='ocrx_word' id='word_1_356' title='bbox 1244 2345 1287 2385; x_wconf 88' lang='lat' dir='ltr'>in</span> <span class='ocrx_word' id='word_1_357' title='bbox 1320 2346 1426 2385; x_wconf 85' lang='lat' dir='ltr'>libro</span> <span class='ocrx_word' id='word_1_358' title='bbox 1462 2345 1513 2385; x_wconf 89' lang='lat' dir='ltr'>de</span> <span class='ocrx_word' id='word_1_359' title='bbox 1547 2345 1668 2384; x_wconf 87' lang='lat' dir='ltr'>bonis</span> 
     </span>
     <span class='ocr_line' id='line_1_40' title="bbox 153 2401 1669 2459; baseline -0.003 -14"><span class='ocrx_word' id='word_1_360' title='bbox 153 2406 340 2446; x_wconf 85' lang='lat' dir='ltr'>damnat.</span> <span class='ocrx_word' id='word_1_361' title='bbox 364 2420 405 2459; x_wconf 91' lang='lat' dir='ltr'>p.</span> <span class='ocrx_word' id='word_1_362' title='bbox 427 2407 519 2446; x_wconf 90' lang='grc'>106.</span> <span class='ocrx_word' id='word_1_363' title='bbox 548 2405 618 2459; x_wconf 86' lang='grc'>(1111</span> <span class='ocrx_word' id='word_1_364' title='bbox 647 2405 736 2459; x_wconf 85' lang='lat' dir='ltr'>ipse</span> <span class='ocrx_word' id='word_1_365' title='bbox 763 2419 927 2459; x_wconf 86' lang='lat' dir='ltr'>quoque</span> <span class='ocrx_word' id='word_1_366' title='bbox 955 2403 1130 2458; x_wconf 85' lang='lat' dir='ltr'>duplicis</span> <span class='ocrx_word' id='word_1_367' title='bbox 1160 2401 1352 2442; x_wconf 89' lang='lat' dir='ltr'>lectionis</span> <span class='ocrx_word' id='word_1_368' title='bbox 1381 2401 1558 2456; x_wconf 84' lang='lat' dir='ltr'>vestigia</span> <span class='ocrx_word' id='word_1_369' title='bbox 1582 2401 1669 2442; x_wconf 82' lang='lat' dir='ltr'>ani-</span> 
     </span>
     <span class='ocr_line' id='line_1_41' title="bbox 152 2461 782 2503; baseline -0.002 -1"><span class='ocrx_word' id='word_1_370' title='bbox 152 2462 427 2503; x_wconf 83' lang='lat' dir='ltr'>madvertisse</span> <span class='ocrx_word' id='word_1_371' title='bbox 450 2461 527 2502; x_wconf 89' lang='lat' dir='ltr'>sibi</span> <span class='ocrx_word' id='word_1_372' title='bbox 548 2462 782 2502; x_wconf 84' lang='lat' dir='ltr'>videbatur.</span> 
     </span>
    </p>

    <p class='ocr_par' dir='ltr' id='par_1_3' title="bbox 151 2513 1669 2798">
     <span class='ocr_line' id='line_1_42' title="bbox 211 2513 1668 2572; baseline -0.005 -13"><span class='ocrx_word' id='word_1_373' title='bbox 211 2522 306 2567; x_wconf 83' lang='grc'>601,</span> <span class='ocrx_word' id='word_1_374' title='bbox 331 2530 396 2572; x_wconf 81' lang='lat'>27.</span> <span class='ocrx_word' id='word_1_375' title='bbox 420 2518 640 2566; x_wconf 84' lang='grc' dir='ltr'>δικάζεσθαι</span> <span class='ocrx_word' id='word_1_376' title='bbox 667 2518 762 2570; x_wconf 83' lang='grc' dir='ltr'>πρὸς</span> <span class='ocrx_word' id='word_1_377' title='bbox 789 2515 1059 2570; x_wconf 83' lang='grc' dir='ltr'>Εὐμολπίδας]</span> <span class='ocrx_word' id='word_1_378' title='bbox 1085 2515 1179 2555; x_wconf 88' lang='lat' dir='ltr'>Hoc</span> <span class='ocrx_word' id='word_1_379' title='bbox 1205 2514 1413 2568; x_wconf 86' lang='lat' dir='ltr'>quomodo</span> <span class='ocrx_word' id='word_1_380' title='bbox 1437 2513 1668 2567; x_wconf 83' lang='lat' dir='ltr'>intelligen-</span> 
     </span>
     <span class='ocr_line' id='line_1_43' title="bbox 153 2571 1669 2628; baseline -0.003 -14"><span class='ocrx_word' id='word_1_381' title='bbox 153 2576 252 2615; x_wconf 87' lang='lat' dir='ltr'>dum</span> <span class='ocrx_word' id='word_1_382' title='bbox 285 2575 341 2615; x_wconf 89' lang='lat' dir='ltr'>sit</span> <span class='ocrx_word' id='word_1_383' title='bbox 375 2575 499 2615; x_wconf 88' lang='lat' dir='ltr'>docet</span> <span class='ocrx_word' id='word_1_384' title='bbox 531 2574 657 2615; x_wconf 87' lang='lat' dir='ltr'>schol.</span> <span class='ocrx_word' id='word_1_385' title='bbox 686 2575 777 2615; x_wconf 91' lang='lat' dir='ltr'>cod.</span> <span class='ocrx_word' id='word_1_386' title='bbox 802 2575 917 2628; x_wconf 77' lang='lat' dir='ltr'>Aug.</span> <span class='ocrx_word' id='word_1_387' title='bbox 951 2576 971 2613; x_wconf 89' lang='grc' dir='ltr'><em>ὁ</em></span> <span class='ocrx_word' id='word_1_388' title='bbox 1003 2575 1077 2624; x_wconf 77' lang='grc' dir='ltr'>γὰρ</span> <span class='ocrx_word' id='word_1_389' title='bbox 1109 2571 1301 2622; x_wconf 83' lang='grc' dir='ltr'>βασιλεὺς</span> <span class='ocrx_word' id='word_1_390' title='bbox 1334 2572 1561 2621; x_wconf 87' lang='grc' dir='ltr'>ἐπεμελεῖτο</span> <span class='ocrx_word' id='word_1_391' title='bbox 1591 2573 1669 2610; x_wconf 86' lang='grc' dir='ltr'>τῶν</span> 
     </span>
     <span class='ocr_line' id='line_1_44' title="bbox 154 2626 1669 2683; baseline -0.003 -11"><span class='ocrx_word' id='word_1_392' title='bbox 154 2633 266 2683; x_wconf 83' lang='grc' dir='ltr'>ἱερῶν</span> <span class='ocrx_word' id='word_1_393' title='bbox 300 2631 538 2683; x_wconf 83' lang='grc' dir='ltr'>πραγμάτων</span> <span class='ocrx_word' id='word_1_394' title='bbox 574 2631 636 2671; x_wconf 79' lang='grc' dir='ltr'>καὶ</span> <span class='ocrx_word' id='word_1_395' title='bbox 672 2632 792 2683; x_wconf 88' lang='grc' dir='ltr'>ἐπῆγε</span> <span class='ocrx_word' id='word_1_396' title='bbox 828 2633 896 2672; x_wconf 79' lang='grc' dir='ltr'>τὰς</span> <span class='ocrx_word' id='word_1_397' title='bbox 930 2633 997 2680; x_wconf 82' lang='grc' dir='ltr'>τῆς</span> <span class='ocrx_word' id='word_1_398' title='bbox 1037 2629 1225 2677; x_wconf 80' lang='grc' dir='ltr'>ἀσεβείας</span> <span class='ocrx_word' id='word_1_399' title='bbox 1259 2629 1416 2678; x_wconf 78' lang='grc' dir='ltr'>γραφὰς</span> <span class='ocrx_word' id='word_1_400' title='bbox 1449 2626 1547 2678; x_wconf 83' lang='grc' dir='ltr'>πρὸς</span> <span class='ocrx_word' id='word_1_401' title='bbox 1581 2626 1669 2668; x_wconf 81' lang='grc' dir='ltr'>τοὺς</span> 
     </span>
     <span class='ocr_line' id='line_1_45' title="bbox 154 2681 1667 2739; baseline -0.004 -11"><span class='ocrx_word' id='word_1_402' title='bbox 154 2688 415 2738; x_wconf 85' lang='grc' dir='ltr'>Εὐμολπίδας.</span> <span class='ocrx_word' id='word_1_403' title='bbox 449 2687 506 2727; x_wconf 87' lang='lat' dir='ltr'>V.</span> <span class='ocrx_word' id='word_1_404' title='bbox 526 2687 673 2728; x_wconf 87' lang='lat' dir='ltr'>Meier.</span> <span class='ocrx_word' id='word_1_405' title='bbox 697 2687 748 2728; x_wconf 89' lang='lat' dir='ltr'>de</span> <span class='ocrx_word' id='word_1_406' title='bbox 768 2687 841 2727; x_wconf 83' lang='lat' dir='ltr'>lite</span> <span class='ocrx_word' id='word_1_407' title='bbox 862 2687 958 2727; x_wconf 86' lang='lat' dir='ltr'>Att.</span> <span class='ocrx_word' id='word_1_408' title='bbox 980 2701 1020 2739; x_wconf 89' lang='lat' dir='ltr'>p.</span> <span class='ocrx_word' id='word_1_409' title='bbox 1040 2685 1116 2724; x_wconf 81' lang='lat'>118</span> <span class='ocrx_word' id='word_1_410' title='bbox 1139 2698 1198 2738; x_wconf 84' lang='lat' dir='ltr'>sq.</span> <span class='ocrx_word' id='word_1_411' title='bbox 1227 2683 1500 2723; x_wconf 84' lang='lat' dir='ltr'>Schoemann.</span> <span class='ocrx_word' id='word_1_412' title='bbox 1519 2681 1667 2736; x_wconf 88' lang='lat' dir='ltr'>Antiq.</span> 
     </span>
     <span class='ocr_line' id='line_1_46' title="bbox 151 2744 443 2798; baseline 0 -14"><span class='ocrx_word' id='word_1_413' title='bbox 151 2744 263 2798; x_wconf 88' lang='lat' dir='ltr'>publ.</span> <span class='ocrx_word' id='word_1_414' title='bbox 285 2759 326 2798; x_wconf 91' lang='lat' dir='ltr'>p.</span> <span class='ocrx_word' id='word_1_415' title='bbox 347 2757 443 2798; x_wconf 83' lang='lat'>301.</span> 
     </span>
    </p>

    <p class='ocr_par' dir='ltr' id='par_1_4' title="bbox 153 2794 1670 3022">
     <span class='ocr_line' id='line_1_47' title="bbox 211 2794 1668 2853; baseline -0.005 -13"><span class='ocrx_word' id='word_1_416' title='bbox 211 2802 308 2848; x_wconf 82' lang='lat'>602,</span> <span class='ocrx_word' id='word_1_417' title='bbox 335 2813 374 2853; x_wconf 84' lang='lat'>3.</span> <span class='ocrx_word' id='word_1_418' title='bbox 412 2800 508 2852; x_wconf 82' lang='grc' dir='ltr'>πρὸς</span> <span class='ocrx_word' id='word_1_419' title='bbox 544 2799 899 2852; x_wconf 78' lang='grc' dir='ltr'>διαιτητὴν-αὐτῷ</span> <span class='ocrx_word' id='word_1_420' title='bbox 934 2797 1094 2851; x_wconf 84' lang='grc' dir='ltr'>λαχεῖν]</span> <span class='ocrx_word' id='word_1_421' title='bbox 1129 2795 1291 2836; x_wconf 85' lang='lat' dir='ltr'>Eodem</span> <span class='ocrx_word' id='word_1_422' title='bbox 1324 2794 1448 2834; x_wconf 89' lang='lat' dir='ltr'>modo</span> <span class='ocrx_word' id='word_1_423' title='bbox 1478 2809 1520 2847; x_wconf 89' lang='lat' dir='ltr'>p.</span> <span class='ocrx_word' id='word_1_424' title='bbox 1547 2795 1668 2834; x_wconf 84' lang='lat'>1160.</span> 
     </span>
     <span class='ocr_line' id='line_1_48' title="bbox 153 2852 1670 2909; baseline -0.003 -13"><span class='ocrx_word' id='word_1_425' title='bbox 153 2856 249 2907; x_wconf 86' lang='grc' dir='ltr'>πρὸς</span> <span class='ocrx_word' id='word_1_426' title='bbox 269 2856 338 2896; x_wconf 83' lang='grc' dir='ltr'>τὸν</span> <span class='ocrx_word' id='word_1_427' title='bbox 363 2856 539 2906; x_wconf 86' lang='grc' dir='ltr'>βασιλέα</span> <span class='ocrx_word' id='word_1_428' title='bbox 564 2856 615 2907; x_wconf 79' lang='grc' dir='ltr'>μὴ</span> <span class='ocrx_word' id='word_1_429' title='bbox 636 2855 867 2909; x_wconf 83' lang='grc' dir='ltr'>λαγχάνειν.</span> <span class='ocrx_word' id='word_1_430' title='bbox 931 2854 980 2893; x_wconf 89' lang='lat' dir='ltr'>In</span> <span class='ocrx_word' id='word_1_431' title='bbox 1002 2853 1150 2893; x_wconf 82' lang='lat' dir='ltr'>Neaer.</span> <span class='ocrx_word' id='word_1_432' title='bbox 1172 2867 1211 2906; x_wconf 89' lang='lat' dir='ltr'>p.</span> <span class='ocrx_word' id='word_1_433' title='bbox 1232 2852 1335 2906; x_wconf 79' lang='lat'>1378</span> <span class='ocrx_word' id='word_1_434' title='bbox 1353 2866 1361 2890; x_wconf 74' lang='grc' dir='ltr'>ε</span> <span class='ocrx_word' id='word_1_435' title='bbox 1395 2852 1432 2891; x_wconf 79' lang='grc' dir='ltr'>οἱ</span> <span class='ocrx_word' id='word_1_436' title='bbox 1453 2854 1670 2893; x_wconf 83' lang='grc' dir='ltr'>Πλαταιεῖς</span> 
     </span>
     <span class='ocr_line' id='line_1_49' title="bbox 154 2906 1668 2964; baseline -0.005 -12"><span class='ocrx_word' id='word_1_437' title='bbox 154 2912 402 2964; x_wconf 85' lang='grc' dir='ltr'>λαγχάνουσι</span> <span class='ocrx_word' id='word_1_438' title='bbox 430 2914 536 2963; x_wconf 86' lang='grc' dir='ltr'>δίκην</span> <span class='ocrx_word' id='word_1_439' title='bbox 564 2917 644 2955; x_wconf 83' lang='grc' dir='ltr'>τοῖς</span> <span class='ocrx_word' id='word_1_440' title='bbox 665 2912 985 2963; x_wconf 87' lang='grc' dir='ltr'>Λακεδαιμονίοις</span> <span class='ocrx_word' id='word_1_441' title='bbox 1014 2911 1076 2952; x_wconf 85' lang='grc' dir='ltr'>εἰς</span> <span class='ocrx_word' id='word_1_442' title='bbox 1100 2908 1186 2951; x_wconf 77' lang='grc' dir='ltr'>τοὺς</span> <span class='ocrx_word' id='word_1_443' title='bbox 1205 2907 1504 2960; x_wconf 86' lang='grc' dir='ltr'>Ἀμφικτύονας.</span> <span class='ocrx_word' id='word_1_444' title='bbox 1556 2906 1668 2946; x_wconf 80' lang='lat' dir='ltr'>Dici-</span> 
     </span>
     <span class='ocr_line' id='line_1_50' title="bbox 154 2962 1668 3022; baseline -0.004 -15"><span class='ocrx_word' id='word_1_445' title='bbox 154 2974 225 3008; x_wconf 80' lang='lat' dir='ltr'>tur</span> <span class='ocrx_word' id='word_1_446' title='bbox 261 2968 389 3022; x_wconf 80' lang='lat' dir='ltr'>igitur</span> <span class='ocrx_word' id='word_1_447' title='bbox 425 2973 466 3008; x_wconf 80' lang='lat' dir='ltr'>et</span> <span class='ocrx_word' id='word_1_448' title='bbox 503 2969 609 3018; x_wconf 86' lang='grc' dir='ltr'>δίκην</span> <span class='ocrx_word' id='word_1_449' title='bbox 645 2968 863 3021; x_wconf 75' lang='grc' dir='ltr'>λαγχάνειν</span> <span class='ocrx_word' id='word_1_450' title='bbox 897 2967 970 3007; x_wconf 82' lang='grc' dir='ltr'>τινὶ</span> <span class='ocrx_word' id='word_1_451' title='bbox 1011 2971 1052 3006; x_wconf 79' lang='lat' dir='ltr'>ct</span> <span class='ocrx_word' id='word_1_452' title='bbox 1089 2964 1242 3005; x_wconf 83' lang='lat' dir='ltr'>omisso</span> <span class='ocrx_word' id='word_1_453' title='bbox 1278 2965 1385 3015; x_wconf 86' lang='grc' dir='ltr'>δίκην</span> <span class='ocrx_word' id='word_1_454' title='bbox 1425 2962 1668 3016; x_wconf 77' lang='lat' dir='ltr'>simpliciter</span> 
     </span>
    </p>
   </div>
  </div>
 </body>
</html>
