<?xml version="1.0" encoding="UTF-8"?>
<!DOCTYPE html PUBLIC "-//W3C//DTD XHTML 1.0 Transitional//EN"
    "http://www.w3.org/TR/xhtml1/DTD/xhtml1-transitional.dtd">
<html xmlns="http://www.w3.org/1999/xhtml" xml:lang="en" lang="en">
 <head>
  <title>
</title>
<meta http-equiv="Content-Type" content="text/html;charset=utf-8" />
  <meta name='ocr-system' content='tesseract 3.04.00' />
  <meta name='ocr-capabilities' content='ocr_page ocr_carea ocr_par ocr_line ocrx_word'/>
</head>
<body>
  <div class='ocr_page' id='page_1' title='image "./operaexrecension06demouoft/operaexrecension06demouoft_0284.png"; bbox 0 0 1997 3256; ppageno 0'>
   <div class='ocr_carea' id='block_1_1' title="bbox 312 163 1479 206">
    <p class='ocr_par' dir='ltr' id='par_1_1' title="bbox 312 163 1479 206">
     <span class='ocr_line' id='line_1_1' title="bbox 312 163 1479 206; baseline 0.002 -4"><span class='ocrx_word' id='word_1_1' title='bbox 312 165 396 206; x_wconf 71' lang='lat'>870</span> <span class='ocrx_word' id='word_1_2' title='bbox 657 163 980 205; x_wconf 71' lang='lat' dir='ltr'>ADVERSUS</span> <span class='ocrx_word' id='word_1_3' title='bbox 1015 165 1479 206; x_wconf 74' lang='lat' dir='ltr'>ANDROTIONEM.</span> 
     </span>
    </p>
   </div>
   <div class='ocr_carea' id='block_1_2' title="bbox 309 268 1834 3018">
    <p class='ocr_par' dir='ltr' id='par_1_2' title="bbox 309 268 1830 883">
     <span class='ocr_line' id='line_1_2' title="bbox 367 268 1827 331; baseline 0.001 -24"><span class='ocrx_word' id='word_1_4' title='bbox 367 270 462 331; x_wconf 87' lang='grc'>609</span> <span class='ocrx_word' id='word_1_5' title='bbox 492 281 552 320; x_wconf 87' lang='grc'>19.</span> <span class='ocrx_word' id='word_1_6' title='bbox 584 268 825 322; x_wconf 82' lang='grc' dir='ltr'>ἠγγυησατο]</span> <span class='ocrx_word' id='word_1_7' title='bbox 850 270 1064 320; x_wconf 76' lang='grc' dir='ltr'>ἐγγυᾶσθαι</span> <span class='ocrx_word' id='word_1_8' title='bbox 1094 273 1256 321; x_wconf 83' lang='grc' dir='ltr'>γυναῖκα</span> <span class='ocrx_word' id='word_1_9' title='bbox 1286 269 1473 310; x_wconf 82' lang='grc'><strong>(11011111</strong></span> <span class='ocrx_word' id='word_1_10' title='bbox 1464 285 1510 318; x_wconf 77' lang='lat' dir='ltr'>is,</span> <span class='ocrx_word' id='word_1_11' title='bbox 1535 268 1604 323; x_wconf 89' lang='lat' dir='ltr'>qui</span> <span class='ocrx_word' id='word_1_12' title='bbox 1633 283 1827 323; x_wconf 79' lang='lat' dir='ltr'>sponsam</span> 
     </span>
     <span class='ocr_line' id='line_1_3' title="bbox 310 302 1828 378; baseline 0.001 -14.001"><span class='ocrx_word' id='word_1_13' title='bbox 310 324 483 378; x_wconf 75' lang='lat' dir='ltr'>suscipit</span> <span class='ocrx_word' id='word_1_14' title='bbox 514 332 588 365; x_wconf 89' lang='lat' dir='ltr'>aut</span> <span class='ocrx_word' id='word_1_15' title='bbox 621 332 665 364; x_wconf 89' lang='lat' dir='ltr'>ut</span> <span class='ocrx_word' id='word_1_16' title='bbox 699 324 777 364; x_wconf 86' lang='lat' dir='ltr'>sibi</span> <span class='ocrx_word' id='word_1_17' title='bbox 809 325 1066 378; x_wconf 84' lang='lat' dir='ltr'>spondeatur</span> <span class='ocrx_word' id='word_1_18' title='bbox 1094 330 1229 377; x_wconf 67' lang='lat' dir='ltr'>mont,</span> <span class='ocrx_word' id='word_1_19' title='bbox 1258 327 1404 377; x_wconf 77' lang='grc' dir='ltr'>ἐγγυᾶν</span> <span class='ocrx_word' id='word_1_20' title='bbox 1430 302 1588 373; x_wconf 56' lang='lat' dir='ltr'>autem,</span> <span class='ocrx_word' id='word_1_21' title='bbox 1609 325 1679 378; x_wconf 89' lang='lat' dir='ltr'>qui</span> <span class='ocrx_word' id='word_1_22' title='bbox 1707 325 1828 366; x_wconf 83' lang='lat' dir='ltr'>alicui</span> 
     </span>
     <span class='ocr_line' id='line_1_4' title="bbox 310 369 1830 450; baseline 0.001 -31"><span class='ocrx_word' id='word_1_23' title='bbox 310 380 524 420; x_wconf 86' lang='lat' dir='ltr'>mulierem</span> <span class='ocrx_word' id='word_1_24' title='bbox 553 381 796 434; x_wconf 73' lang='lat' dir='ltr'>despondet.</span> <span class='ocrx_word' id='word_1_25' title='bbox 864 381 1095 450; x_wconf 76' lang='lat' dir='ltr'>Ulpianus:</span> <span class='ocrx_word' id='word_1_26' title='bbox 1131 369 1272 421; x_wconf 82' lang='grc' dir='ltr'>θέασαι</span> <span class='ocrx_word' id='word_1_27' title='bbox 1299 381 1367 420; x_wconf 84' lang='grc' dir='ltr'>τὸν</span> <span class='ocrx_word' id='word_1_28' title='bbox 1397 396 1622 432; x_wconf 88' lang='grc' dir='ltr'>κατηγορον·</span> <span class='ocrx_word' id='word_1_29' title='bbox 1658 382 1734 421; x_wconf 85' lang='grc' dir='ltr'>ἀπὸ</span> <span class='ocrx_word' id='word_1_30' title='bbox 1755 386 1830 422; x_wconf 82' lang='grc' dir='ltr'>τῶν</span> 
     </span>
     <span class='ocr_line' id='line_1_5' title="bbox 309 436 1828 488; baseline 0.003 -13"><span class='ocrx_word' id='word_1_31' title='bbox 309 436 490 488; x_wconf 83' lang='grc' dir='ltr'>ῥημάτων</span> <span class='ocrx_word' id='word_1_32' title='bbox 513 436 754 486; x_wconf 79' lang='grc' dir='ltr'>ἐξηπάτησάς</span> <span class='ocrx_word' id='word_1_33' title='bbox 781 453 840 487; x_wconf 86' lang='grc' dir='ltr'>με</span> <span class='ocrx_word' id='word_1_34' title='bbox 865 437 1030 488; x_wconf 80' lang='grc' dir='ltr'>φήσειεν</span> <span class='ocrx_word' id='word_1_35' title='bbox 1059 437 1107 477; x_wconf 79' lang='grc' dir='ltr'>ἂν</span> <span class='ocrx_word' id='word_1_36' title='bbox 1128 438 1150 487; x_wconf 84' lang='grc' dir='ltr'>ἡ</span> <span class='ocrx_word' id='word_1_37' title='bbox 1172 451 1280 488; x_wconf 81' lang='grc' dir='ltr'>γυνη·</span> <span class='ocrx_word' id='word_1_38' title='bbox 1316 454 1364 478; x_wconf 78' lang='grc' dir='ltr'>ως</span> <span class='ocrx_word' id='word_1_39' title='bbox 1391 438 1593 488; x_wconf 85' lang='grc' dir='ltr'>ἐλεύθερος</span> <span class='ocrx_word' id='word_1_40' title='bbox 1615 437 1828 488; x_wconf 79' lang='grc' dir='ltr'>συνηφθης,</span> 
     </span>
     <span class='ocr_line' id='line_1_6' title="bbox 313 492 1829 546; baseline 0.001 -14"><span class='ocrx_word' id='word_1_41' title='bbox 313 496 381 532; x_wconf 73' lang='grc' dir='ltr'>ν’ῦι</span> <span class='ocrx_word' id='word_1_42' title='bbox 404 494 444 532; x_wconf 85' lang='grc' dir='ltr'>δὲ</span> <span class='ocrx_word' id='word_1_43' title='bbox 474 493 705 544; x_wconf 79' lang='grc' dir='ltr'>ἀπεδείχθης</span> <span class='ocrx_word' id='word_1_44' title='bbox 734 492 978 544; x_wconf 80' lang='grc' dir='ltr'>ἀνδράποδον</span> <span class='ocrx_word' id='word_1_45' title='bbox 1001 510 1032 532; x_wconf 88' lang='grc' dir='ltr'><strong>κ.</strong></span> <span class='ocrx_word' id='word_1_46' title='bbox 1053 499 1144 533; x_wconf 85' lang='grc' dir='ltr'><strong>.λ.</strong></span> <span class='ocrx_word' id='word_1_47' title='bbox 1208 493 1270 532; x_wconf 81' lang='lat' dir='ltr'>At</span> <span class='ocrx_word' id='word_1_48' title='bbox 1299 493 1341 532; x_wconf 90' lang='lat' dir='ltr'>id</span> <span class='ocrx_word' id='word_1_49' title='bbox 1362 492 1500 546; x_wconf 90' lang='lat' dir='ltr'>potius</span> <span class='ocrx_word' id='word_1_50' title='bbox 1529 498 1673 533; x_wconf 86' lang='lat' dir='ltr'>ora-tor</span> <span class='ocrx_word' id='word_1_51' title='bbox 1694 493 1829 534; x_wconf 80' lang='lat' dir='ltr'>dicere</span> 
     </span>
     <span class='ocr_line' id='line_1_7' title="bbox 310 547 1828 603; baseline 0.001 -15"><span class='ocrx_word' id='word_1_52' title='bbox 310 548 413 588; x_wconf 86' lang='lat' dir='ltr'>mihi</span> <span class='ocrx_word' id='word_1_53' title='bbox 444 547 619 593; x_wconf 74' lang='lat' dir='ltr'>videtur,</span> <span class='ocrx_word' id='word_1_54' title='bbox 650 548 865 603; x_wconf 79' lang='lat' dir='ltr'>indignum</span> <span class='ocrx_word' id='word_1_55' title='bbox 897 563 985 588; x_wconf 88' lang='lat' dir='ltr'>esse</span> <span class='ocrx_word' id='word_1_56' title='bbox 1016 549 1190 596; x_wconf 86' lang='lat' dir='ltr'>facinus,</span> <span class='ocrx_word' id='word_1_57' title='bbox 1224 549 1355 589; x_wconf 89' lang='lat' dir='ltr'>civem</span> <span class='ocrx_word' id='word_1_58' title='bbox 1389 548 1691 589; x_wconf 80' lang='lat' dir='ltr'>Atheniensem</span> <span class='ocrx_word' id='word_1_59' title='bbox 1722 550 1828 589; x_wconf 85' lang='lat' dir='ltr'>servi</span> 
     </span>
     <span class='ocr_line' id='line_1_8' title="bbox 309 604 1829 659; baseline 0.001 -15"><span class='ocrx_word' id='word_1_60' title='bbox 309 605 444 645; x_wconf 87' lang='lat' dir='ltr'>instar</span> <span class='ocrx_word' id='word_1_61' title='bbox 472 618 649 658; x_wconf 84' lang='lat' dir='ltr'>poenam</span> <span class='ocrx_word' id='word_1_62' title='bbox 670 604 857 645; x_wconf 87' lang='lat' dir='ltr'>timentis</span> <span class='ocrx_word' id='word_1_63' title='bbox 880 619 953 658; x_wconf 85' lang='lat' dir='ltr'>per</span> <span class='ocrx_word' id='word_1_64' title='bbox 977 605 1285 645; x_wconf 81' lang='lat' dir='ltr'>Androtionem</span> <span class='ocrx_word' id='word_1_65' title='bbox 1313 604 1417 659; x_wconf 65' lang='lat' dir='ltr'>cogi.</span> <span class='ocrx_word' id='word_1_66' title='bbox 1440 619 1492 644; x_wconf 91' lang='lat' dir='ltr'>ne</span> <span class='ocrx_word' id='word_1_67' title='bbox 1514 604 1677 645; x_wconf 84' lang='lat' dir='ltr'>servilia</span> <span class='ocrx_word' id='word_1_68' title='bbox 1696 606 1829 658; x_wconf 75' lang='grc'><strong>[10110-</strong></span> 
     </span>
     <span class='ocr_line' id='line_1_9' title="bbox 309 660 1829 715; baseline 0.001 -15"><span class='ocrx_word' id='word_1_69' title='bbox 309 666 391 709; x_wconf 65' lang='lat' dir='ltr'>tur,</span> <span class='ocrx_word' id='word_1_70' title='bbox 425 675 473 701; x_wconf 87' lang='lat' dir='ltr'>ea</span> <span class='ocrx_word' id='word_1_71' title='bbox 510 661 645 701; x_wconf 78' lang='lat' dir='ltr'>facele</span> <span class='ocrx_word' id='word_1_72' title='bbox 682 675 788 715; x_wconf 87' lang='lat' dir='ltr'>quae</span> <span class='ocrx_word' id='word_1_73' title='bbox 824 661 909 701; x_wconf 77' lang='lat' dir='ltr'>cive</span> <span class='ocrx_word' id='word_1_74' title='bbox 947 665 987 701; x_wconf 90' lang='lat' dir='ltr'>et</span> <span class='ocrx_word' id='word_1_75' title='bbox 1024 661 1153 701; x_wconf 87' lang='lat' dir='ltr'>libero</span> <span class='ocrx_word' id='word_1_76' title='bbox 1189 661 1356 701; x_wconf 86' lang='lat' dir='ltr'>homine</span> <span class='ocrx_word' id='word_1_77' title='bbox 1390 660 1473 700; x_wconf 91' lang='lat' dir='ltr'>sint</span> <span class='ocrx_word' id='word_1_78' title='bbox 1504 660 1628 714; x_wconf 84' lang='lat' dir='ltr'>plane</span> <span class='ocrx_word' id='word_1_79' title='bbox 1658 661 1829 715; x_wconf 79' lang='lat' dir='ltr'>indigna</span> 
     </span>
     <span class='ocr_line' id='line_1_10' title="bbox 309 716 1830 780; baseline 0 -22"><span class='ocrx_word' id='word_1_80' title='bbox 309 731 441 780; x_wconf 78' lang='lat' dir='ltr'>eaque</span> <span class='ocrx_word' id='word_1_81' title='bbox 462 717 598 757; x_wconf 86' lang='lat' dir='ltr'>facele</span> <span class='ocrx_word' id='word_1_82' title='bbox 623 721 845 771; x_wconf 87' lang='lat' dir='ltr'>praesente</span> <span class='ocrx_word' id='word_1_83' title='bbox 866 731 1009 757; x_wconf 76' lang='lat' dir='ltr'>uxo¹e.</span> <span class='ocrx_word' id='word_1_84' title='bbox 1075 717 1310 758; x_wconf 80' lang='lat' dir='ltr'>Scholiasta</span> <span class='ocrx_word' id='word_1_85' title='bbox 1331 731 1415 757; x_wconf 92' lang='lat' dir='ltr'>non</span> <span class='ocrx_word' id='word_1_86' title='bbox 1436 716 1600 757; x_wconf 82' lang='lat' dir='ltr'>videtur</span> <span class='ocrx_word' id='word_1_87' title='bbox 1621 717 1830 780; x_wconf 77' lang='lat' dir='ltr'>cogitasse</span> 
     </span>
     <span class='ocr_line' id='line_1_11' title="bbox 309 772 1829 827; baseline 0.001 -15"><span class='ocrx_word' id='word_1_88' title='bbox 309 773 441 813; x_wconf 74' lang='grc'><strong>11111111</strong></span> <span class='ocrx_word' id='word_1_89' title='bbox 473 773 642 813; x_wconf 84' lang='lat' dir='ltr'>honoris</span> <span class='ocrx_word' id='word_1_90' title='bbox 670 781 882 814; x_wconf 86' lang='lat' dir='ltr'>amantem</span> <span class='ocrx_word' id='word_1_91' title='bbox 912 774 943 812; x_wconf 88' lang='lat' dir='ltr'>si</span> <span class='ocrx_word' id='word_1_92' title='bbox 974 788 1115 814; x_wconf 82' lang='grc'><strong>0011111</strong></span> <span class='ocrx_word' id='word_1_93' title='bbox 1146 773 1316 814; x_wconf 86' lang='lat' dir='ltr'>muliere</span> <span class='ocrx_word' id='word_1_94' title='bbox 1345 772 1515 827; x_wconf 80' lang='lat' dir='ltr'>indigna</span> <span class='ocrx_word' id='word_1_95' title='bbox 1544 773 1751 827; x_wconf 85' lang='lat' dir='ltr'>patiatur,</span> <span class='ocrx_word' id='word_1_96' title='bbox 1781 788 1829 814; x_wconf 90' lang='lat' dir='ltr'>eo</span> 
     </span>
     <span class='ocr_line' id='line_1_12' title="bbox 311 829 987 884; baseline 0.002 -16"><span class='ocrx_word' id='word_1_97' title='bbox 311 829 445 884; x_wconf 82' lang='lat' dir='ltr'>magis</span> <span class='ocrx_word' id='word_1_98' title='bbox 466 829 625 883; x_wconf 78' lang='lat' dir='ltr'>pudme</span> <span class='ocrx_word' id='word_1_99' title='bbox 646 830 765 870; x_wconf 86' lang='lat' dir='ltr'>affici.</span> <span class='ocrx_word' id='word_1_100' title='bbox 802 830 987 872; x_wconf 79' lang='lat' dir='ltr'>FUNK.</span> 
     </span>
    </p>

    <p class='ocr_par' dir='ltr' id='par_1_3' title="bbox 311 862 1829 995">
     <span class='ocr_line' id='line_1_13' title="bbox 368 862 1829 939; baseline 0.001 -15"><span class='ocrx_word' id='word_1_101' title='bbox 368 862 465 937; x_wconf 50' lang='lat'>6009,</span> <span class='ocrx_word' id='word_1_102' title='bbox 487 897 550 937; x_wconf 72' lang='lat'>23.</span> <span class='ocrx_word' id='word_1_103' title='bbox 575 888 670 937; x_wconf 80' lang='grc' dir='ltr'>ὑπὲρ</span> <span class='ocrx_word' id='word_1_104' title='bbox 692 889 757 935; x_wconf 79' lang='grc' dir='ltr'>τῆς</span> <span class='ocrx_word' id='word_1_105' title='bbox 777 886 945 939; x_wconf 73' lang='grc' dir='ltr'>πόλεως]</span> <span class='ocrx_word' id='word_1_106' title='bbox 968 885 1030 926; x_wconf 83' lang='grc' dir='ltr'>ΕΟ</span> <span class='ocrx_word' id='word_1_107' title='bbox 1053 885 1207 926; x_wconf 86' lang='lat' dir='ltr'>scilicet</span> <span class='ocrx_word' id='word_1_108' title='bbox 1233 885 1343 939; x_wconf 82' lang='lat' dir='ltr'>quod</span> <span class='ocrx_word' id='word_1_109' title='bbox 1366 885 1609 925; x_wconf 76' lang='lat' dir='ltr'>debitores</span> <span class='ocrx_word' id='word_1_110' title='bbox 1599 899 1640 924; x_wconf 89' lang='lat'>111</span> <span class='ocrx_word' id='word_1_111' title='bbox 1664 884 1829 926; x_wconf 76' lang='lat' dir='ltr'>vincula</span> 
     </span>
     <span class='ocr_line' id='line_1_14' title="bbox 311 941 836 995; baseline 0 -14"><span class='ocrx_word' id='word_1_112' title='bbox 311 941 457 994; x_wconf 88' lang='lat' dir='ltr'>conjici</span> <span class='ocrx_word' id='word_1_113' title='bbox 477 942 611 995; x_wconf 84' lang='lat' dir='ltr'>jubet.</span> <span class='ocrx_word' id='word_1_114' title='bbox 653 942 836 982; x_wconf 73' lang='lat' dir='ltr'>FUNK.</span> 
     </span>
    </p>

    <p class='ocr_par' dir='ltr' id='par_1_4' title="bbox 310 997 1832 1612">
     <span class='ocr_line' id='line_1_15' title="bbox 369 997 1828 1052; baseline 0 -15"><span class='ocrx_word' id='word_1_115' title='bbox 369 999 463 1050; x_wconf 91' lang='grc'><strong>609,</strong></span> <span class='ocrx_word' id='word_1_116' title='bbox 490 1010 553 1050; x_wconf 82' lang='grc'><strong>25.</strong></span> <span class='ocrx_word' id='word_1_117' title='bbox 593 1000 640 1037; x_wconf 75' lang='grc' dir='ltr'>τὰ</span> <span class='ocrx_word' id='word_1_118' title='bbox 677 998 866 1051; x_wconf 78' lang='grc' dir='ltr'>κτηματα]</span> <span class='ocrx_word' id='word_1_119' title='bbox 901 998 1045 1051; x_wconf 77' lang='lat' dir='ltr'>Neque</span> <span class='ocrx_word' id='word_1_120' title='bbox 1078 998 1185 1038; x_wconf 87' lang='lat' dir='ltr'>enim</span> <span class='ocrx_word' id='word_1_121' title='bbox 1216 997 1327 1052; x_wconf 86' lang='lat' dir='ltr'>apud</span> <span class='ocrx_word' id='word_1_122' title='bbox 1358 997 1509 1037; x_wconf 85' lang='lat' dir='ltr'>liberos</span> <span class='ocrx_word' id='word_1_123' title='bbox 1541 997 1724 1037; x_wconf 83' lang='lat' dir='ltr'>Graecos</span> <span class='ocrx_word' id='word_1_124' title='bbox 1755 1012 1828 1037; x_wconf 90' lang='lat' dir='ltr'>un-</span> 
     </span>
     <span class='ocr_line' id='line_1_16' title="bbox 311 1053 1829 1117; baseline 0.001 -25"><span class='ocrx_word' id='word_1_125' title='bbox 311 1067 436 1107; x_wconf 87' lang='lat' dir='ltr'>quam</span> <span class='ocrx_word' id='word_1_126' title='bbox 476 1053 559 1093; x_wconf 91' lang='lat' dir='ltr'>ulla</span> <span class='ocrx_word' id='word_1_127' title='bbox 601 1054 763 1094; x_wconf 85' lang='lat' dir='ltr'>tributa</span> <span class='ocrx_word' id='word_1_128' title='bbox 799 1070 823 1094; x_wconf 84' lang='grc'>0</span> <span class='ocrx_word' id='word_1_129' title='bbox 858 1068 1035 1117; x_wconf 72' lang='lat' dir='ltr'>persona</span> <span class='ocrx_word' id='word_1_130' title='bbox 1075 1054 1363 1107; x_wconf 72' lang='lat' dir='ltr'>exigebantur.</span> <span class='ocrx_word' id='word_1_131' title='bbox 1429 1053 1506 1104; x_wconf 85' lang='lat' dir='ltr'>Oui</span> <span class='ocrx_word' id='word_1_132' title='bbox 1550 1053 1692 1106; x_wconf 84' lang='lat' dir='ltr'>itaque</span> <span class='ocrx_word' id='word_1_133' title='bbox 1727 1054 1829 1094; x_wconf 83' lang='grc'><strong>11100</strong></span> 
     </span>
     <span class='ocr_line' id='line_1_17' title="bbox 310 1109 1827 1163; baseline 0 -14"><span class='ocrx_word' id='word_1_134' title='bbox 310 1109 473 1150; x_wconf 89' lang='lat' dir='ltr'>tributa</span> <span class='ocrx_word' id='word_1_135' title='bbox 502 1124 584 1149; x_wconf 88' lang='lat' dir='ltr'>non</span> <span class='ocrx_word' id='word_1_136' title='bbox 613 1110 801 1157; x_wconf 86' lang='grc'><strong>0011111111,</strong></span> <span class='ocrx_word' id='word_1_137' title='bbox 832 1111 920 1163; x_wconf 87' lang='lat' dir='ltr'>ejus</span> <span class='ocrx_word' id='word_1_138' title='bbox 949 1111 1059 1150; x_wconf 86' lang='lat' dir='ltr'>bona</span> <span class='ocrx_word' id='word_1_139' title='bbox 1089 1110 1254 1163; x_wconf 85' lang='lat' dir='ltr'>quidem</span> <span class='ocrx_word' id='word_1_140' title='bbox 1285 1109 1497 1163; x_wconf 69' lang='lat' dir='ltr'>publicata</span> <span class='ocrx_word' id='word_1_141' title='bbox 1526 1110 1827 1157; x_wconf 70' lang='lat' dir='ltr'>xendebantur,</span> 
     </span>
     <span class='ocr_line' id='line_1_18' title="bbox 312 1165 1829 1220; baseline 0.001 -15"><span class='ocrx_word' id='word_1_142' title='bbox 312 1180 532 1219; x_wconf 80' lang='lat' dir='ltr'>pelsonam</span> <span class='ocrx_word' id='word_1_143' title='bbox 562 1180 695 1219; x_wconf 88' lang='lat' dir='ltr'>poena</span> <span class='ocrx_word' id='word_1_144' title='bbox 726 1166 839 1206; x_wconf 88' lang='lat' dir='ltr'>nulla</span> <span class='ocrx_word' id='word_1_145' title='bbox 870 1167 1152 1219; x_wconf 82' lang='lat' dir='ltr'>expectabat;</span> <span class='ocrx_word' id='word_1_146' title='bbox 1187 1166 1328 1220; x_wconf 84' lang='lat' dir='ltr'>itaque</span> <span class='ocrx_word' id='word_1_147' title='bbox 1361 1165 1470 1218; x_wconf 82' lang='lat' dir='ltr'>quod</span> <span class='ocrx_word' id='word_1_148' title='bbox 1500 1165 1679 1205; x_wconf 80' lang='lat' dir='ltr'>venditis</span> <span class='ocrx_word' id='word_1_149' title='bbox 1709 1166 1829 1206; x_wconf 87' lang='lat' dir='ltr'>bonis</span> 
     </span>
     <span class='ocr_line' id='line_1_19' title="bbox 313 1221 1830 1276; baseline 0 -15"><span class='ocrx_word' id='word_1_150' title='bbox 313 1222 577 1275; x_wconf 87' lang='lat' dir='ltr'>deductoque</span> <span class='ocrx_word' id='word_1_151' title='bbox 608 1224 794 1274; x_wconf 77' lang='grc' dir='ltr'>εἰσφορᾶς</span> <span class='ocrx_word' id='word_1_152' title='bbox 824 1222 959 1276; x_wconf 88' lang='lat' dir='ltr'>pretio</span> <span class='ocrx_word' id='word_1_153' title='bbox 987 1222 1190 1276; x_wconf 85' lang='lat' dir='ltr'>reliquum</span> <span class='ocrx_word' id='word_1_154' title='bbox 1222 1227 1326 1271; x_wconf 78' lang='lat' dir='ltr'>erat,</span> <span class='ocrx_word' id='word_1_155' title='bbox 1356 1221 1523 1261; x_wconf 85' lang='lat' dir='ltr'>domino</span> <span class='ocrx_word' id='word_1_156' title='bbox 1551 1221 1689 1274; x_wconf 79' lang='lat' dir='ltr'>ejusve</span> <span class='ocrx_word' id='word_1_157' title='bbox 1715 1222 1830 1262; x_wconf 88' lang='lat' dir='ltr'>here-</span> 
     </span>
     <span class='ocr_line' id='line_1_20' title="bbox 312 1277 1830 1331; baseline 0.001 -14"><span class='ocrx_word' id='word_1_158' title='bbox 312 1278 432 1318; x_wconf 83' lang='lat' dir='ltr'>dibus</span> <span class='ocrx_word' id='word_1_159' title='bbox 460 1278 577 1318; x_wconf 89' lang='lat' dir='ltr'>reddi</span> <span class='ocrx_word' id='word_1_160' title='bbox 610 1279 803 1318; x_wconf 79' lang='lat' dir='ltr'>debebat.</span> <span class='ocrx_word' id='word_1_161' title='bbox 869 1279 1006 1330; x_wconf 75' lang='lat' dir='ltr'>Quare</span> <span class='ocrx_word' id='word_1_162' title='bbox 1038 1278 1345 1318; x_wconf 73' lang='lat' dir='ltr'>Demosthenes</span> <span class='ocrx_word' id='word_1_163' title='bbox 1378 1277 1635 1317; x_wconf 76' lang='lat' dir='ltr'>Androtioni</span> <span class='ocrx_word' id='word_1_164' title='bbox 1667 1282 1711 1317; x_wconf 89' lang='lat' dir='ltr'>et</span> <span class='ocrx_word' id='word_1_165' title='bbox 1742 1278 1830 1331; x_wconf 86' lang='lat' dir='ltr'>ejus</span> 
     </span>
     <span class='ocr_line' id='line_1_21' title="bbox 314 1333 1831 1386; baseline 0.001 -13"><span class='ocrx_word' id='word_1_166' title='bbox 314 1334 425 1374; x_wconf 89' lang='lat' dir='ltr'>socio</span> <span class='ocrx_word' id='word_1_167' title='bbox 449 1334 678 1374; x_wconf 74' lang='lat' dir='ltr'>Timocrati</span> <span class='ocrx_word' id='word_1_168' title='bbox 706 1334 866 1374; x_wconf 88' lang='lat' dir='ltr'>crimini</span> <span class='ocrx_word' id='word_1_169' title='bbox 897 1349 1057 1374; x_wconf 86' lang='lat' dir='ltr'>summo</span> <span class='ocrx_word' id='word_1_170' title='bbox 1083 1334 1209 1374; x_wconf 77' lang='lat' dir='ltr'>vertit</span> <span class='ocrx_word' id='word_1_171' title='bbox 1238 1335 1348 1386; x_wconf 85' lang='lat' dir='ltr'>quod</span> <span class='ocrx_word' id='word_1_172' title='bbox 1371 1333 1595 1379; x_wconf 61' lang='lat' dir='ltr'>Androtio.</span> <span class='ocrx_word' id='word_1_173' title='bbox 1619 1333 1688 1386; x_wconf 86' lang='lat' dir='ltr'>qui</span> <span class='ocrx_word' id='word_1_174' title='bbox 1716 1334 1758 1373; x_wconf 91' lang='lat' dir='ltr'>in</span> <span class='ocrx_word' id='word_1_175' title='bbox 1787 1349 1831 1374; x_wconf 88' lang='lat' dir='ltr'>se</span> 
     </span>
     <span class='ocr_line' id='line_1_22' title="bbox 313 1389 1831 1445; baseline 0.001 -15"><span class='ocrx_word' id='word_1_176' title='bbox 313 1390 537 1445; x_wconf 78' lang='lat' dir='ltr'>recepisset</span> <span class='ocrx_word' id='word_1_177' title='bbox 576 1393 764 1442; x_wconf 77' lang='grc' dir='ltr'>εἰσφορὰς</span> <span class='ocrx_word' id='word_1_178' title='bbox 799 1392 852 1431; x_wconf 88' lang='lat' dir='ltr'>ab</span> <span class='ocrx_word' id='word_1_179' title='bbox 887 1389 936 1430; x_wconf 89' lang='lat' dir='ltr'>iis</span> <span class='ocrx_word' id='word_1_180' title='bbox 972 1391 1153 1445; x_wconf 77' lang='lat' dir='ltr'>exigere,</span> <span class='ocrx_word' id='word_1_181' title='bbox 1190 1390 1259 1443; x_wconf 83' lang='lat' dir='ltr'>qui</span> <span class='ocrx_word' id='word_1_182' title='bbox 1297 1391 1434 1430; x_wconf 89' lang='lat' dir='ltr'>adhuc</span> <span class='ocrx_word' id='word_1_183' title='bbox 1471 1390 1656 1429; x_wconf 84' lang='lat' dir='ltr'>cunctati</span> <span class='ocrx_word' id='word_1_184' title='bbox 1692 1396 1831 1431; x_wconf 84' lang='lat' dir='ltr'>essent</span> 
     </span>
     <span class='ocr_line' id='line_1_23' title="bbox 311 1445 1830 1501; baseline 0 -15"><span class='ocrx_word' id='word_1_185' title='bbox 311 1448 511 1494; x_wconf 72' lang='lat' dir='ltr'>conferre,</span> <span class='ocrx_word' id='word_1_186' title='bbox 550 1461 644 1487; x_wconf 77' lang='lat' dir='ltr'>culn</span> <span class='ocrx_word' id='word_1_187' title='bbox 678 1447 983 1495; x_wconf 73' lang='lat' dir='ltr'>undeeimviris,</span> <span class='ocrx_word' id='word_1_188' title='bbox 1021 1447 1237 1501; x_wconf 88' lang='lat' dir='ltr'>apodectis</span> <span class='ocrx_word' id='word_1_189' title='bbox 1273 1452 1316 1487; x_wconf 89' lang='lat' dir='ltr'>et</span> <span class='ocrx_word' id='word_1_190' title='bbox 1352 1446 1479 1486; x_wconf 72' lang='lat' dir='ltr'>servis</span> <span class='ocrx_word' id='word_1_191' title='bbox 1515 1445 1558 1485; x_wconf 90' lang='lat' dir='ltr'>in</span> <span class='ocrx_word' id='word_1_192' title='bbox 1594 1446 1739 1486; x_wconf 89' lang='lat' dir='ltr'>domos</span> <span class='ocrx_word' id='word_1_193' title='bbox 1770 1447 1830 1486; x_wconf 92' lang='lat' dir='ltr'>in-</span> 
     </span>
     <span class='ocr_line' id='line_1_24' title="bbox 312 1503 1832 1557; baseline 0.001 -15"><span class='ocrx_word' id='word_1_194' title='bbox 312 1517 479 1557; x_wconf 81' lang='lat' dir='ltr'>gressus</span> <span class='ocrx_word' id='word_1_195' title='bbox 512 1503 554 1542; x_wconf 89' lang='lat' dir='ltr'>in</span> <span class='ocrx_word' id='word_1_196' title='bbox 588 1503 699 1557; x_wconf 80' lang='lat' dir='ltr'>ipsas</span> <span class='ocrx_word' id='word_1_197' title='bbox 734 1503 884 1544; x_wconf 83' lang='lat' dir='ltr'>civium</span> <span class='ocrx_word' id='word_1_198' title='bbox 919 1508 961 1544; x_wconf 92' lang='lat' dir='ltr'>et</span> <span class='ocrx_word' id='word_1_199' title='bbox 996 1503 1289 1556; x_wconf 83' lang='lat' dir='ltr'>inquilinorum</span> <span class='ocrx_word' id='word_1_200' title='bbox 1323 1516 1522 1556; x_wconf 80' lang='lat' dir='ltr'>personas</span> <span class='ocrx_word' id='word_1_201' title='bbox 1559 1503 1832 1544; x_wconf 84' lang='lat' dir='ltr'>contumelias</span> 
     </span>
     <span class='ocr_line' id='line_1_25' title="bbox 313 1559 1370 1612; baseline 0 -13"><span class='ocrx_word' id='word_1_202' title='bbox 313 1559 521 1600; x_wconf 86' lang='lat' dir='ltr'>fecissent.</span> <span class='ocrx_word' id='word_1_203' title='bbox 559 1559 767 1599; x_wconf 82' lang='lat' dir='ltr'>MEIER.</span> <span class='ocrx_word' id='word_1_204' title='bbox 793 1560 844 1599; x_wconf 90' lang='lat' dir='ltr'>de</span> <span class='ocrx_word' id='word_1_205' title='bbox 865 1560 984 1600; x_wconf 88' lang='lat' dir='ltr'>bonis</span> <span class='ocrx_word' id='word_1_206' title='bbox 1007 1560 1192 1600; x_wconf 89' lang='lat' dir='ltr'>damnat.</span> <span class='ocrx_word' id='word_1_207' title='bbox 1214 1574 1253 1612; x_wconf 92' lang='lat' dir='ltr'>p.</span> <span class='ocrx_word' id='word_1_208' title='bbox 1279 1572 1370 1612; x_wconf 85' lang='lat'>145.</span> 
     </span>
    </p>

    <p class='ocr_par' dir='ltr' id='par_1_5' title="bbox 312 1614 1833 1951">
     <span class='ocr_line' id='line_1_26' title="bbox 373 1614 1832 1670; baseline -0.002 -14"><span class='ocrx_word' id='word_1_209' title='bbox 373 1617 467 1668; x_wconf 88' lang='grc'><strong>609,</strong></span> <span class='ocrx_word' id='word_1_210' title='bbox 494 1616 558 1656; x_wconf 83' lang='lat'>28.</span> <span class='ocrx_word' id='word_1_211' title='bbox 580 1616 841 1670; x_wconf 83' lang='grc' dir='ltr'>ἀπογράφειν]</span> <span class='ocrx_word' id='word_1_212' title='bbox 866 1617 1050 1657; x_wconf 82' lang='lat' dir='ltr'>Decreta</span> <span class='ocrx_word' id='word_1_213' title='bbox 1070 1631 1094 1656; x_wconf 90' lang='lat' dir='ltr'>a</span> <span class='ocrx_word' id='word_1_214' title='bbox 1108 1616 1260 1669; x_wconf 87' lang='lat' dir='ltr'>populo</span> <span class='ocrx_word' id='word_1_215' title='bbox 1277 1614 1484 1669; x_wconf 85' lang='lat' dir='ltr'>judiciove</span> <span class='ocrx_word' id='word_1_216' title='bbox 1503 1615 1707 1654; x_wconf 86' lang='lat' dir='ltr'>bonorum</span> <span class='ocrx_word' id='word_1_217' title='bbox 1728 1615 1832 1668; x_wconf 91' lang='lat' dir='ltr'>pub-</span> 
     </span>
     <span class='ocr_line' id='line_1_27' title="bbox 314 1670 1832 1724; baseline -0.001 -13"><span class='ocrx_word' id='word_1_218' title='bbox 314 1671 519 1719; x_wconf 70' lang='lat' dir='ltr'>licatione,</span> <span class='ocrx_word' id='word_1_219' title='bbox 549 1678 635 1719; x_wconf 74' lang='lat' dir='ltr'>aut,</span> <span class='ocrx_word' id='word_1_220' title='bbox 659 1672 769 1712; x_wconf 87' lang='lat' dir='ltr'>utin</span> <span class='ocrx_word' id='word_1_221' title='bbox 797 1672 1006 1712; x_wconf 81' lang='lat' dir='ltr'>fiscalibus</span> <span class='ocrx_word' id='word_1_222' title='bbox 1035 1672 1296 1712; x_wconf 88' lang='lat' dir='ltr'>debitoribus</span> <span class='ocrx_word' id='word_1_223' title='bbox 1323 1671 1413 1711; x_wconf 89' lang='lat' dir='ltr'>fieri</span> <span class='ocrx_word' id='word_1_224' title='bbox 1446 1670 1617 1717; x_wconf 71' lang='lat' dir='ltr'>solebat.</span> <span class='ocrx_word' id='word_1_225' title='bbox 1647 1675 1832 1724; x_wconf 89' lang='lat' dir='ltr'>praeter—</span> 
     </span>
     <span class='ocr_line' id='line_1_28' title="bbox 313 1727 1833 1783; baseline -0.001 -15"><span class='ocrx_word' id='word_1_226' title='bbox 313 1727 432 1781; x_wconf 87' lang='lat' dir='ltr'>lapso</span> <span class='ocrx_word' id='word_1_227' title='bbox 467 1742 515 1768; x_wconf 91' lang='lat' dir='ltr'>eo</span> <span class='ocrx_word' id='word_1_228' title='bbox 552 1733 753 1782; x_wconf 81' lang='lat' dir='ltr'>tempore,</span> <span class='ocrx_word' id='word_1_229' title='bbox 786 1734 881 1782; x_wconf 89' lang='lat' dir='ltr'>post</span> <span class='ocrx_word' id='word_1_230' title='bbox 919 1729 1029 1783; x_wconf 88' lang='lat' dir='ltr'>quod</span> <span class='ocrx_word' id='word_1_231' title='bbox 1064 1728 1289 1782; x_wconf 86' lang='lat' dir='ltr'>publicatio</span> <span class='ocrx_word' id='word_1_232' title='bbox 1326 1727 1415 1781; x_wconf 88' lang='lat' dir='ltr'>ipso</span> <span class='ocrx_word' id='word_1_233' title='bbox 1444 1728 1538 1781; x_wconf 85' lang='lat' dir='ltr'>jure</span> <span class='ocrx_word' id='word_1_234' title='bbox 1573 1727 1833 1767; x_wconf 86' lang='lat' dir='ltr'>instituenda</span> 
     </span>
     <span class='ocr_line' id='line_1_29' title="bbox 314 1783 1833 1838; baseline 0 -15"><span class='ocrx_word' id='word_1_235' title='bbox 314 1784 512 1833; x_wconf 85' lang='grc'><strong>01’01,11111</strong></span> <span class='ocrx_word' id='word_1_236' title='bbox 533 1790 609 1825; x_wconf 85' lang='grc'><strong>0111</strong></span> <span class='ocrx_word' id='word_1_237' title='bbox 633 1785 821 1838; x_wconf 88' lang='lat' dir='ltr'>pluribus</span> <span class='ocrx_word' id='word_1_238' title='bbox 848 1785 1132 1825; x_wconf 85' lang='lat' dir='ltr'>mandabatur</span> <span class='ocrx_word' id='word_1_239' title='bbox 1160 1786 1213 1824; x_wconf 83' lang='grc' dir='ltr'>ἀπ</span> <span class='ocrx_word' id='word_1_240' title='bbox 1216 1802 1235 1823; x_wconf 97' lang='grc' dir='ltr'>ο</span> <span class='ocrx_word' id='word_1_241' title='bbox 1239 1783 1464 1835; x_wconf 69' lang='grc' dir='ltr'>γραφεο-θαι</span> <span class='ocrx_word' id='word_1_242' title='bbox 1487 1788 1563 1823; x_wconf 89' lang='lat' dir='ltr'>aut</span> <span class='ocrx_word' id='word_1_243' title='bbox 1585 1783 1833 1834; x_wconf 79' lang='grc' dir='ltr'>ἀπογράφειν</span> 
     </span>
     <span class='ocr_line' id='line_1_30' title="bbox 313 1839 1831 1893; baseline -0.001 -13"><span class='ocrx_word' id='word_1_244' title='bbox 313 1843 361 1880; x_wconf 77' lang='grc' dir='ltr'>τὰ</span> <span class='ocrx_word' id='word_1_245' title='bbox 387 1857 578 1893; x_wconf 82' lang='grc' dir='ltr'><strong>χρηματα,</strong></span> <span class='ocrx_word' id='word_1_246' title='bbox 596 1841 620 1880; x_wconf 92' lang='lat' dir='ltr'>i.</span> <span class='ocrx_word' id='word_1_247' title='bbox 646 1855 681 1881; x_wconf 91' lang='lat' dir='ltr'>e.</span> <span class='ocrx_word' id='word_1_248' title='bbox 710 1847 757 1881; x_wconf 91' lang='lat' dir='ltr'>ut</span> <span class='ocrx_word' id='word_1_249' title='bbox 780 1841 957 1882; x_wconf 88' lang='lat' dir='ltr'>indicem</span> <span class='ocrx_word' id='word_1_250' title='bbox 978 1842 1183 1881; x_wconf 88' lang='lat' dir='ltr'>bonorum</span> <span class='ocrx_word' id='word_1_251' title='bbox 1204 1841 1387 1881; x_wconf 78' lang='lat' dir='ltr'>facelent</span> <span class='ocrx_word' id='word_1_252' title='bbox 1411 1844 1489 1880; x_wconf 88' lang='lat' dir='ltr'>etc.</span> <span class='ocrx_word' id='word_1_253' title='bbox 1524 1839 1831 1879; x_wconf 80' lang='lat' dir='ltr'>MEIER.1.1.</span> 
     </span>
     <span class='ocr_line' id='line_1_31' title="bbox 312 1908 560 1951; baseline 0 -15"><span class='ocrx_word' id='word_1_254' title='bbox 312 1911 351 1950; x_wconf 89' lang='lat' dir='ltr'>p.</span> <span class='ocrx_word' id='word_1_255' title='bbox 369 1908 444 1937; x_wconf 83' lang='lat'>201</span> <span class='ocrx_word' id='word_1_256' title='bbox 471 1912 560 1951; x_wconf 74' lang='lat' dir='ltr'>sqq.</span> 
     </span>
    </p>

    <p class='ocr_par' dir='ltr' id='par_1_6' title="bbox 313 1951 1834 2330">
     <span class='ocr_line' id='line_1_32' title="bbox 372 1951 1829 2007; baseline -0.002 -14"><span class='ocrx_word' id='word_1_257' title='bbox 372 1954 468 1999; x_wconf 86' lang='lat'>610,</span> <span class='ocrx_word' id='word_1_258' title='bbox 495 1966 531 1993; x_wconf 83' lang='lat'>2.</span> <span class='ocrx_word' id='word_1_259' title='bbox 553 1954 592 1993; x_wconf 85' lang='grc' dir='ltr'>τί</span> <span class='ocrx_word' id='word_1_260' title='bbox 620 1952 1020 2007; x_wconf 66' lang='grc' dir='ltr'>δοῦλον-διαφέρει]</span> <span class='ocrx_word' id='word_1_261' title='bbox 1050 1953 1158 2001; x_wconf 84' lang='grc' dir='ltr'><strong>Η110,</strong></span> <span class='ocrx_word' id='word_1_262' title='bbox 1182 1952 1365 2006; x_wconf 83' lang='lat' dir='ltr'>respexit</span> <span class='ocrx_word' id='word_1_263' title='bbox 1389 1951 1650 2005; x_wconf 62' lang='lat' dir='ltr'>Phrynichus</span> <span class='ocrx_word' id='word_1_264' title='bbox 1672 1966 1710 2005; x_wconf 88' lang='lat' dir='ltr'>p.</span> <span class='ocrx_word' id='word_1_265' title='bbox 1739 1963 1829 2003; x_wconf 88' lang='lat'>174.</span> 
     </span>
     <span class='ocr_line' id='line_1_33' title="bbox 316 2008 1831 2062; baseline -0.002 -13"><span class='ocrx_word' id='word_1_266' title='bbox 316 2014 375 2062; x_wconf 84' lang='lat' dir='ltr'>(p.</span> <span class='ocrx_word' id='word_1_267' title='bbox 396 2022 493 2062; x_wconf 79' lang='lat'>394.</span> <span class='ocrx_word' id='word_1_268' title='bbox 523 2009 623 2049; x_wconf 78' lang='lat' dir='ltr'>edit.</span> <span class='ocrx_word' id='word_1_269' title='bbox 655 2010 860 2060; x_wconf 84' lang='lat' dir='ltr'>Lobeck.)</span> <span class='ocrx_word' id='word_1_270' title='bbox 890 2011 978 2050; x_wconf 85' lang='grc' dir='ltr'>Τίνι</span> <span class='ocrx_word' id='word_1_271' title='bbox 1006 2009 1184 2061; x_wconf 82' lang='grc' dir='ltr'>διαφέρει</span> <span class='ocrx_word' id='word_1_272' title='bbox 1211 2011 1300 2048; x_wconf 82' lang='grc' dir='ltr'>τόδε</span> <span class='ocrx_word' id='word_1_273' title='bbox 1328 2009 1389 2048; x_wconf 84' lang='grc' dir='ltr'>καὶ</span> <span class='ocrx_word' id='word_1_274' title='bbox 1417 2009 1531 2054; x_wconf 81' lang='grc' dir='ltr'>τόδε;</span> <span class='ocrx_word' id='word_1_275' title='bbox 1566 2009 1610 2047; x_wconf 83' lang='grc' dir='ltr'>οὐ</span> <span class='ocrx_word' id='word_1_276' title='bbox 1638 2008 1713 2060; x_wconf 76' lang='grc' dir='ltr'>χρὴ</span> <span class='ocrx_word' id='word_1_277' title='bbox 1734 2009 1831 2047; x_wconf 79' lang='grc' dir='ltr'>οὕτω</span> 
     </span>
     <span class='ocr_line' id='line_1_34' title="bbox 313 2063 1834 2117; baseline -0.001 -13"><span class='ocrx_word' id='word_1_278' title='bbox 313 2065 450 2116; x_wconf 87' lang='grc' dir='ltr'>λέγειν</span> <span class='ocrx_word' id='word_1_279' title='bbox 471 2068 568 2105; x_wconf 79' lang='grc' dir='ltr'>κατὰ</span> <span class='ocrx_word' id='word_1_280' title='bbox 590 2066 743 2115; x_wconf 73' lang='grc' dir='ltr'>δοτικὴν</span> <span class='ocrx_word' id='word_1_281' title='bbox 764 2070 924 2112; x_wconf 82' lang='grc' dir='ltr'>πτῶσιν,</span> <span class='ocrx_word' id='word_1_282' title='bbox 948 2067 1054 2106; x_wconf 72' lang='grc' dir='ltr'>ἀλλὰ</span> <span class='ocrx_word' id='word_1_283' title='bbox 1078 2066 1117 2105; x_wconf 84' lang='grc' dir='ltr'>τί</span> <span class='ocrx_word' id='word_1_284' title='bbox 1135 2065 1335 2117; x_wconf 71' lang='grc' dir='ltr'>διαφέρεις</span> <span class='ocrx_word' id='word_1_285' title='bbox 1372 2067 1470 2104; x_wconf 80' lang='grc' dir='ltr'>καθὰ</span> <span class='ocrx_word' id='word_1_286' title='bbox 1494 2065 1554 2103; x_wconf 85' lang='grc' dir='ltr'>καὶ</span> <span class='ocrx_word' id='word_1_287' title='bbox 1577 2063 1834 2114; x_wconf 82' lang='grc' dir='ltr'>Δημοσθένης</span> 
     </span>
     <span class='ocr_line' id='line_1_35' title="bbox 314 2120 1831 2172; baseline 0 -13"><span class='ocrx_word' id='word_1_288' title='bbox 314 2122 426 2171; x_wconf 79' lang='grc' dir='ltr'>φησί’</span> <span class='ocrx_word' id='word_1_289' title='bbox 462 2123 500 2161; x_wconf 86' lang='grc' dir='ltr'>τί</span> <span class='ocrx_word' id='word_1_290' title='bbox 532 2124 674 2160; x_wconf 74' lang='grc' dir='ltr'>δοῦλον</span> <span class='ocrx_word' id='word_1_291' title='bbox 709 2121 731 2171; x_wconf 74' lang='grc' dir='ltr'>ἦ</span> <span class='ocrx_word' id='word_1_292' title='bbox 769 2123 977 2171; x_wconf 83' lang='grc' dir='ltr'>ἐλεύθερον</span> <span class='ocrx_word' id='word_1_293' title='bbox 1009 2122 1107 2162; x_wconf 79' lang='grc' dir='ltr'>εἶναι</span> <span class='ocrx_word' id='word_1_294' title='bbox 1143 2122 1332 2172; x_wconf 83' lang='grc' dir='ltr'>διαφέρει.</span> <span class='ocrx_word' id='word_1_295' title='bbox 1369 2120 1630 2160; x_wconf 79' lang='lat' dir='ltr'>TAYLOR.</span> <span class='ocrx_word' id='word_1_296' title='bbox 1692 2120 1750 2160; x_wconf 78' lang='lat' dir='ltr'>Et</span> <span class='ocrx_word' id='word_1_297' title='bbox 1780 2134 1831 2159; x_wconf 83' lang='lat' dir='ltr'>ex</span> 
     </span>
     <span class='ocr_line' id='line_1_36' title="bbox 315 2176 1831 2231; baseline 0 -16"><span class='ocrx_word' id='word_1_298' title='bbox 315 2176 533 2230; x_wconf 67' lang='lat' dir='ltr'>Phynicho</span> <span class='ocrx_word' id='word_1_299' title='bbox 575 2177 758 2217; x_wconf 88' lang='lat' dir='ltr'>Thomas</span> <span class='ocrx_word' id='word_1_300' title='bbox 797 2178 858 2217; x_wconf 88' lang='lat' dir='ltr'>M.</span> <span class='ocrx_word' id='word_1_301' title='bbox 890 2192 930 2231; x_wconf 89' lang='lat' dir='ltr'>p.</span> <span class='ocrx_word' id='word_1_302' title='bbox 961 2178 1055 2228; x_wconf 78' lang='lat'>846.</span> <span class='ocrx_word' id='word_1_303' title='bbox 1091 2192 1310 2231; x_wconf 85' lang='lat' dir='ltr'>perperam</span> <span class='ocrx_word' id='word_1_304' title='bbox 1342 2176 1477 2217; x_wconf 87' lang='lat' dir='ltr'>citans</span> <span class='ocrx_word' id='word_1_305' title='bbox 1513 2191 1564 2216; x_wconf 85' lang='lat' dir='ltr'>ex</span> <span class='ocrx_word' id='word_1_306' title='bbox 1602 2177 1718 2216; x_wconf 87' lang='lat' dir='ltr'>Orat.</span> <span class='ocrx_word' id='word_1_307' title='bbox 1755 2189 1831 2230; x_wconf 92' lang='lat' dir='ltr'>pro</span> 
     </span>
     <span class='ocr_line' id='line_1_37' title="bbox 313 2232 1829 2286; baseline -0.001 -14"><span class='ocrx_word' id='word_1_308' title='bbox 313 2247 488 2273; x_wconf 87' lang='lat' dir='ltr'>corona:</span> <span class='ocrx_word' id='word_1_309' title='bbox 538 2234 745 2286; x_wconf 77' lang='lat' dir='ltr'>quomodo</span> <span class='ocrx_word' id='word_1_310' title='bbox 781 2233 908 2274; x_wconf 89' lang='lat' dir='ltr'>etiam</span> <span class='ocrx_word' id='word_1_311' title='bbox 941 2233 1039 2274; x_wconf 85' lang='lat' dir='ltr'>alibi</span> <span class='ocrx_word' id='word_1_312' title='bbox 1080 2233 1252 2273; x_wconf 78' lang='lat' dir='ltr'>erravit.</span> <span class='ocrx_word' id='word_1_313' title='bbox 1288 2232 1341 2273; x_wconf 74' lang='lat' dir='ltr'>V.</span> <span class='ocrx_word' id='word_1_314' title='bbox 1379 2238 1466 2273; x_wconf 88' lang='lat' dir='ltr'>not.</span> <span class='ocrx_word' id='word_1_315' title='bbox 1503 2233 1557 2273; x_wconf 89' lang='lat' dir='ltr'>ad</span> <span class='ocrx_word' id='word_1_316' title='bbox 1597 2248 1635 2286; x_wconf 91' lang='lat' dir='ltr'>p.</span> <span class='ocrx_word' id='word_1_317' title='bbox 1668 2234 1762 2281; x_wconf 80' lang='lat'>612,</span> <span class='ocrx_word' id='word_1_318' title='bbox 1789 2245 1829 2286; x_wconf 90' lang='lat'>5.</span> 
     </span>
     <span class='ocr_line' id='line_1_38' title="bbox 316 2288 566 2330; baseline -0.004 -1"><span class='ocrx_word' id='word_1_319' title='bbox 316 2288 566 2330; x_wconf 72' lang='lat' dir='ltr'>SCHAEF.</span> 
     </span>
    </p>

    <p class='ocr_par' dir='ltr' id='par_1_7' title="bbox 315 2344 1830 2511">
     <span class='ocr_line' id='line_1_39' title="bbox 372 2344 1830 2399; baseline 0 -15"><span class='ocrx_word' id='word_1_320' title='bbox 372 2349 467 2394; x_wconf 82' lang='grc'><strong>610,</strong></span> <span class='ocrx_word' id='word_1_321' title='bbox 501 2348 538 2384; x_wconf 83' lang='grc'><strong>6.</strong></span> <span class='ocrx_word' id='word_1_322' title='bbox 569 2345 721 2397; x_wconf 58' lang='grc' dir='ltr'>μέγιστ“</span> <span class='ocrx_word' id='word_1_323' title='bbox 743 2346 958 2398; x_wconf 78' lang='grc' dir='ltr'>ἀτυχῶσιν]</span> <span class='ocrx_word' id='word_1_324' title='bbox 997 2347 1077 2386; x_wconf 88' lang='lat' dir='ltr'>Est</span> <span class='ocrx_word' id='word_1_325' title='bbox 1102 2345 1272 2386; x_wconf 73' lang='lat' dir='ltr'>Atticus</span> <span class='ocrx_word' id='word_1_326' title='bbox 1304 2345 1636 2399; x_wconf 87' lang='lat' dir='ltr'>cuphemismus:</span> <span class='ocrx_word' id='word_1_327' title='bbox 1676 2344 1830 2398; x_wconf 85' lang='lat' dir='ltr'>quippe</span> 
     </span>
     <span class='ocr_line' id='line_1_40' title="bbox 315 2401 1830 2457; baseline -0.001 -16"><span class='ocrx_word' id='word_1_328' title='bbox 315 2402 364 2441; x_wconf 90' lang='lat' dir='ltr'>dc</span> <span class='ocrx_word' id='word_1_329' title='bbox 386 2401 525 2441; x_wconf 86' lang='lat' dir='ltr'>liberis</span> <span class='ocrx_word' id='word_1_330' title='bbox 547 2401 782 2442; x_wconf 84' lang='lat' dir='ltr'>hominibus</span> <span class='ocrx_word' id='word_1_331' title='bbox 803 2416 938 2442; x_wconf 82' lang='lat' dir='ltr'>sermo</span> <span class='ocrx_word' id='word_1_332' title='bbox 960 2408 1036 2442; x_wconf 91' lang='lat' dir='ltr'>est.</span> <span class='ocrx_word' id='word_1_333' title='bbox 1070 2402 1186 2443; x_wconf 84' lang='lat' dir='ltr'>Conf.</span> <span class='ocrx_word' id='word_1_334' title='bbox 1209 2417 1248 2455; x_wconf 90' lang='lat' dir='ltr'>p.</span> <span class='ocrx_word' id='word_1_335' title='bbox 1267 2415 1363 2457; x_wconf 71' lang='lat'>533,</span> <span class='ocrx_word' id='word_1_336' title='bbox 1386 2415 1401 2441; x_wconf 86' lang='grc' dir='ltr'>Ι</span> <span class='ocrx_word' id='word_1_337' title='bbox 1417 2415 1451 2449; x_wconf 88' lang='grc'>1,</span> <span class='ocrx_word' id='word_1_338' title='bbox 1474 2413 1534 2441; x_wconf 81' lang='lat'>12.</span> <span class='ocrx_word' id='word_1_339' title='bbox 1570 2401 1830 2441; x_wconf 67' lang='lat' dir='ltr'>SCHAEF.</span> 
     </span>
     <span class='ocr_line' id='line_1_41' title="bbox 315 2457 778 2511; baseline -0.005 -12"><span class='ocrx_word' id='word_1_340' title='bbox 315 2457 432 2499; x_wconf 82' lang='lat' dir='ltr'>Conf.</span> <span class='ocrx_word' id='word_1_341' title='bbox 454 2457 508 2498; x_wconf 84' lang='lat' dir='ltr'>ad</span> <span class='ocrx_word' id='word_1_342' title='bbox 531 2473 567 2511; x_wconf 75' lang='grc'><strong>[.)</strong></span> <span class='ocrx_word' id='word_1_343' title='bbox 593 2460 687 2511; x_wconf 72' lang='lat'>632.</span> <span class='ocrx_word' id='word_1_344' title='bbox 716 2471 778 2498; x_wconf 83' lang='lat'>21</span> 
     </span>
    </p>

    <p class='ocr_par' dir='ltr' id='par_1_8' title="bbox 316 2513 1831 3018">
     <span class='ocr_line' id='line_1_42' title="bbox 373 2513 1831 2568; baseline 0 -16"><span class='ocrx_word' id='word_1_345' title='bbox 373 2516 468 2562; x_wconf 88' lang='grc'><strong>610,</strong></span> <span class='ocrx_word' id='word_1_346' title='bbox 499 2526 559 2553; x_wconf 86' lang='lat'>12.</span> <span class='ocrx_word' id='word_1_347' title='bbox 596 2514 813 2568; x_wconf 75' lang='grc' dir='ltr'>χρήμασιν]</span> <span class='ocrx_word' id='word_1_348' title='bbox 852 2514 1046 2554; x_wconf 82' lang='lat' dir='ltr'>Reiskius</span> <span class='ocrx_word' id='word_1_349' title='bbox 1082 2515 1135 2555; x_wconf 87' lang='lat' dir='ltr'>ad</span> <span class='ocrx_word' id='word_1_350' title='bbox 1167 2529 1206 2568; x_wconf 90' lang='lat' dir='ltr'>p.</span> <span class='ocrx_word' id='word_1_351' title='bbox 1240 2526 1332 2568; x_wconf 67' lang='lat'>752.</span> <span class='ocrx_word' id='word_1_352' title='bbox 1359 2525 1423 2554; x_wconf 80' lang='lat'>20.</span> <span class='ocrx_word' id='word_1_353' title='bbox 1461 2513 1530 2553; x_wconf 91' lang='lat' dir='ltr'>ubi</span> <span class='ocrx_word' id='word_1_354' title='bbox 1567 2513 1668 2553; x_wconf 86' lang='lat' dir='ltr'>hacc</span> <span class='ocrx_word' id='word_1_355' title='bbox 1704 2513 1831 2553; x_wconf 83' lang='lat' dir='ltr'>verba</span> 
     </span>
     <span class='ocr_line' id='line_1_43' title="bbox 318 2569 1831 2625; baseline -0.001 -17"><span class='ocrx_word' id='word_1_356' title='bbox 318 2575 535 2609; x_wconf 85' lang='lat' dir='ltr'>recurrunt</span> <span class='ocrx_word' id='word_1_357' title='bbox 555 2586 561 2609; x_wconf 92' lang='lat'>:</span> <span class='ocrx_word' id='word_1_358' title='bbox 588 2576 610 2593; x_wconf 82' lang='grc'>“</span> <span class='ocrx_word' id='word_1_359' title='bbox 630 2571 814 2610; x_wconf 76' lang='lat' dir='ltr'>Subaudi</span> <span class='ocrx_word' id='word_1_360' title='bbox 838 2575 992 2612; x_wconf 79' lang='grc' dir='ltr'>κοινοῖς.</span> <span class='ocrx_word' id='word_1_361' title='bbox 1015 2576 1190 2625; x_wconf 82' lang='lat' dir='ltr'>propter</span> <span class='ocrx_word' id='word_1_362' title='bbox 1210 2584 1281 2610; x_wconf 86' lang='lat' dir='ltr'>aes</span> <span class='ocrx_word' id='word_1_363' title='bbox 1302 2569 1511 2624; x_wconf 86' lang='lat' dir='ltr'>publicum</span> <span class='ocrx_word' id='word_1_364' title='bbox 1527 2569 1629 2622; x_wconf 86' lang='lat' dir='ltr'>reip.</span> <span class='ocrx_word' id='word_1_365' title='bbox 1644 2569 1831 2609; x_wconf 88' lang='lat' dir='ltr'>debitum</span> 
     </span>
     <span class='ocr_line' id='line_1_44' title="bbox 316 2625 1829 2681; baseline 0 -16"><span class='ocrx_word' id='word_1_366' title='bbox 316 2626 401 2666; x_wconf 69' lang='lat' dir='ltr'>sive</span> <span class='ocrx_word' id='word_1_367' title='bbox 432 2640 482 2665; x_wconf 84' lang='lat' dir='ltr'>ex</span> <span class='ocrx_word' id='word_1_368' title='bbox 510 2626 664 2666; x_wconf 86' lang='lat' dir='ltr'>mulcta</span> <span class='ocrx_word' id='word_1_369' title='bbox 692 2626 776 2666; x_wconf 85' lang='lat' dir='ltr'>litis</span> <span class='ocrx_word' id='word_1_370' title='bbox 803 2627 1031 2680; x_wconf 77' lang='lat' dir='ltr'>cujusdam,</span> <span class='ocrx_word' id='word_1_371' title='bbox 1060 2642 1141 2681; x_wconf 87' lang='lat' dir='ltr'>qua</span> <span class='ocrx_word' id='word_1_372' title='bbox 1169 2626 1397 2673; x_wconf 71' lang='lat' dir='ltr'>cecidisset,</span> <span class='ocrx_word' id='word_1_373' title='bbox 1428 2626 1512 2665; x_wconf 73' lang='lat' dir='ltr'>sive</span> <span class='ocrx_word' id='word_1_374' title='bbox 1543 2640 1594 2665; x_wconf 79' lang='lat' dir='ltr'>cx</span> <span class='ocrx_word' id='word_1_375' title='bbox 1623 2625 1829 2678; x_wconf 73' lang='grc'><strong>[1001110111.</strong></span> 
     </span>
     <span class='ocr_line' id='line_1_45' title="bbox 318 2681 1831 2736; baseline 0.001 -17"><span class='ocrx_word' id='word_1_376' title='bbox 318 2682 503 2735; x_wconf 86' lang='lat' dir='ltr'>Opponit</span> <span class='ocrx_word' id='word_1_377' title='bbox 532 2696 602 2722; x_wconf 87' lang='lat' dir='ltr'>aes</span> <span class='ocrx_word' id='word_1_378' title='bbox 631 2682 840 2736; x_wconf 79' lang='lat' dir='ltr'>publicum</span> <span class='ocrx_word' id='word_1_379' title='bbox 868 2683 1046 2736; x_wconf 76' lang='lat' dir='ltr'>privato.</span> <span class='ocrx_word' id='word_1_380' title='bbox 1111 2683 1249 2723; x_wconf 86' lang='lat' dir='ltr'>Multo</span> <span class='ocrx_word' id='word_1_381' title='bbox 1277 2688 1339 2722; x_wconf 81' lang='lat' dir='ltr'>est</span> <span class='ocrx_word' id='word_1_382' title='bbox 1367 2682 1534 2736; x_wconf 67' lang='lat' dir='ltr'>gravius</span> <span class='ocrx_word' id='word_1_383' title='bbox 1562 2681 1697 2721; x_wconf 84' lang='lat' dir='ltr'>aliena</span> <span class='ocrx_word' id='word_1_384' title='bbox 1724 2681 1831 2720; x_wconf 84' lang='lat' dir='ltr'>nolle</span> 
     </span>
     <span class='ocr_line' id='line_1_46' title="bbox 316 2737 1831 2793; baseline 0.001 -17"><span class='ocrx_word' id='word_1_385' title='bbox 316 2739 488 2778; x_wconf 86' lang='lat' dir='ltr'>reddere</span> <span class='ocrx_word' id='word_1_386' title='bbox 512 2752 636 2790; x_wconf 83' lang='lat' dir='ltr'>quam</span> <span class='ocrx_word' id='word_1_387' title='bbox 658 2739 763 2777; x_wconf 87' lang='grc'><strong>110110</strong></span> <span class='ocrx_word' id='word_1_388' title='bbox 786 2739 836 2778; x_wconf 82' lang='grc'>(10</span> <span class='ocrx_word' id='word_1_389' title='bbox 857 2739 942 2778; x_wconf 87' lang='lat' dir='ltr'>suis</span> <span class='ocrx_word' id='word_1_390' title='bbox 962 2739 1136 2793; x_wconf 79' lang='lat' dir='ltr'>privatis</span> <span class='ocrx_word' id='word_1_391' title='bbox 1157 2754 1227 2779; x_wconf 90' lang='lat' dir='ltr'>aes</span> <span class='ocrx_word' id='word_1_392' title='bbox 1249 2739 1436 2780; x_wconf 84' lang='lat' dir='ltr'>debitum</span> <span class='ocrx_word' id='word_1_393' title='bbox 1465 2737 1637 2777; x_wconf 82' lang='lat' dir='ltr'>reddere</span> <span class='ocrx_word' id='word_1_394' title='bbox 1657 2752 1664 2775; x_wconf 92' lang='lat'>:</span> <span class='ocrx_word' id='word_1_395' title='bbox 1698 2737 1831 2777; x_wconf 87' lang='lat' dir='ltr'>multo</span> 
     </span>
     <span class='ocr_line' id='line_1_47' title="bbox 317 2793 1830 2849; baseline -0.001 -15"><span class='ocrx_word' id='word_1_396' title='bbox 317 2794 480 2847; x_wconf 83' lang='lat' dir='ltr'>turpius</span> <span class='ocrx_word' id='word_1_397' title='bbox 508 2795 560 2833; x_wconf 88' lang='lat' dir='ltr'>ob</span> <span class='ocrx_word' id='word_1_398' title='bbox 583 2794 820 2847; x_wconf 83' lang='lat' dir='ltr'>peculatum</span> <span class='ocrx_word' id='word_1_399' title='bbox 847 2795 969 2843; x_wconf 71' lang='lat' dir='ltr'>necti,</span> <span class='ocrx_word' id='word_1_400' title='bbox 992 2810 1116 2849; x_wconf 85' lang='lat' dir='ltr'>quam</span> <span class='ocrx_word' id='word_1_401' title='bbox 1144 2800 1316 2848; x_wconf 86' lang='lat' dir='ltr'>propter</span> <span class='ocrx_word' id='word_1_402' title='bbox 1344 2808 1493 2833; x_wconf 84' lang='lat' dir='ltr'>nomen</span> <span class='ocrx_word' id='word_1_403' title='bbox 1518 2793 1715 2847; x_wconf 71' lang='lat' dir='ltr'>privatim</span> <span class='ocrx_word' id='word_1_404' title='bbox 1736 2808 1830 2833; x_wconf 87' lang='lat' dir='ltr'>con-</span> 
     </span>
     <span class='ocr_line' id='line_1_48' title="bbox 317 2849 1831 2905; baseline -0.001 -15"><span class='ocrx_word' id='word_1_405' title='bbox 317 2855 499 2890; x_wconf 81' lang='lat' dir='ltr'>tractum</span> <span class='ocrx_word' id='word_1_406' title='bbox 522 2849 627 2898; x_wconf 77' lang='lat' dir='ltr'>duci,</span> <span class='ocrx_word' id='word_1_407' title='bbox 650 2851 757 2903; x_wconf 88' lang='lat' dir='ltr'>quod</span> <span class='ocrx_word' id='word_1_408' title='bbox 780 2866 855 2904; x_wconf 81' lang='lat' dir='ltr'>per</span> <span class='ocrx_word' id='word_1_409' title='bbox 876 2852 1091 2905; x_wconf 76' lang='lat' dir='ltr'>angustias</span> <span class='ocrx_word' id='word_1_410' title='bbox 1120 2852 1177 2891; x_wconf 84' lang='lat' dir='ltr'>rei</span> <span class='ocrx_word' id='word_1_411' title='bbox 1198 2851 1411 2891; x_wconf 75' lang='lat' dir='ltr'>fiuniliaris</span> <span class='ocrx_word' id='word_1_412' title='bbox 1433 2850 1591 2889; x_wconf 85' lang='lat' dir='ltr'>diluere</span> <span class='ocrx_word' id='word_1_413' title='bbox 1612 2850 1831 2903; x_wconf 73' lang='lat' dir='ltr'>nequcaS.”</span> 
     </span>
     <span class='ocr_line' id='line_1_49' title="bbox 318 2906 1829 2960; baseline 0.001 -15"><span class='ocrx_word' id='word_1_414' title='bbox 318 2912 357 2945; x_wconf 82' lang='lat' dir='ltr'>et</span> <span class='ocrx_word' id='word_1_415' title='bbox 400 2920 494 2945; x_wconf 80' lang='lat' dir='ltr'>luox</span> <span class='ocrx_word' id='word_1_416' title='bbox 536 2907 589 2946; x_wconf 84' lang='lat' dir='ltr'>ad</span> <span class='ocrx_word' id='word_1_417' title='bbox 626 2921 661 2946; x_wconf 78' lang='lat' dir='ltr'>v.</span> <span class='ocrx_word' id='word_1_418' title='bbox 697 2907 791 2957; x_wconf 85' lang='grc' dir='ltr'>μήτε</span> <span class='ocrx_word' id='word_1_419' title='bbox 826 2907 1001 2958; x_wconf 77' lang='grc' dir='ltr'>κριθέντα</span> <span class='ocrx_word' id='word_1_420' title='bbox 1038 2915 1061 2930; x_wconf 77' lang='lat'>‘·</span> <span class='ocrx_word' id='word_1_421' title='bbox 1084 2909 1277 2960; x_wconf 73' lang='lat' dir='ltr'>Apparet</span> <span class='ocrx_word' id='word_1_422' title='bbox 1319 2921 1368 2946; x_wconf 82' lang='lat' dir='ltr'>cx</span> <span class='ocrx_word' id='word_1_423' title='bbox 1410 2906 1486 2946; x_wconf 88' lang='grc'><strong>1100</strong></span> <span class='ocrx_word' id='word_1_424' title='bbox 1527 2906 1632 2954; x_wconf 89' lang='grc'><strong>1000,</strong></span> <span class='ocrx_word' id='word_1_425' title='bbox 1667 2912 1829 2959; x_wconf 88' lang='lat' dir='ltr'>patrem</span> 
     </span>
     <span class='ocr_line' id='line_1_50' title="bbox 317 2961 1827 3018; baseline 0 -17"><span class='ocrx_word' id='word_1_426' title='bbox 317 2961 604 3009; x_wconf 80' lang='lat' dir='ltr'>Androtiouis,</span> <span class='ocrx_word' id='word_1_427' title='bbox 631 2976 681 3002; x_wconf 80' lang='lat' dir='ltr'>ex</span> <span class='ocrx_word' id='word_1_428' title='bbox 709 2963 872 3003; x_wconf 84' lang='lat' dir='ltr'>actione</span> <span class='ocrx_word' id='word_1_429' title='bbox 900 2964 1094 3018; x_wconf 78' lang='lat' dir='ltr'>quadam,</span> <span class='ocrx_word' id='word_1_430' title='bbox 1127 2977 1395 3017; x_wconf 78' lang='lat' dir='ltr'>quaecunque.</span> <span class='ocrx_word' id='word_1_431' title='bbox 1428 2962 1517 3011; x_wconf 80' lang='lat' dir='ltr'>fuit,</span> <span class='ocrx_word' id='word_1_432' title='bbox 1548 2964 1744 3012; x_wconf 78' lang='grc' dir='ltr'>ἐνδείξεως</span> <span class='ocrx_word' id='word_1_433' title='bbox 1774 2977 1827 3004; x_wconf 82' lang='lat' dir='ltr'>an</span> 
     </span>
    </p>
   </div>
  </div>
 </body>
</html>
