1997 3256
302 146 385 188 606
600 144 690 184 FR.
714 144 767 182 A.
792 139 1023 180 WoLFII
1059 136 1514 178 PROLEGOMENA

302 253 567 292 manebantq.
633 248 713 288 Sed
747 252 907 286 ceteros
940 259 1095 292 omneS,
1128 249 1173 284 ut
1208 244 1304 292 dixi,
1336 243 1401 283 lex
1438 241 1641 296 Leptinea
1673 240 1816 294 alligat

303 309 426 362 plane
454 306 670 360 rigidoque
697 308 842 342 vetans
871 302 1095 341 immunem
1123 314 1212 339 esse
1235 299 1456 353 quenpiam
1483 298 1577 348 μήτε
1604 301 1680 336 τῶν
1707 302 1816 336 πολι-

304 368 392 409 τῶν,
415 363 509 412 μήτε
534 365 610 400 τῶν
633 362 833 406 ἰσοτελῶν,
856 358 951 408 μήτε
973 360 1048 395 τῶν
1074 356 1207 405 ξένων.
1270 355 1428 406 Quibus
1450 353 1660 394 vocabulis
1680 352 1816 392 tribus

305 417 724 472 comprehenduntur,
749 418 955 468 quotquot
983 412 1135 451 liberos
1160 411 1315 451 incolas
1344 410 1490 450 habuit
1516 409 1631 462 regio
1657 408 1816 448 Attica.

306 475 493 514 Primum
522 477 679 512 πολῖται
710 474 807 510 sunt
836 469 904 517 illi.
936 468 1022 521 qui,
1050 482 1144 507 vere
1173 472 1215 507 et
1243 467 1403 519 optima
1430 465 1669 505 conditione
1697 464 1817 510 cives,

306 530 497 570 omnibus
518 528 681 582 juribus
704 532 745 566 et
771 524 997 566 commodis
1019 523 1192 577 reipubl.
1214 523 1472 562 fruebantur.
1534 521 1673 574 Vulgo
1695 520 1819 559 iidem

305 591 508 626 vocantur
529 585 653 624 ἀστοί.
715 583 871 622 Contra
897 580 1004 630 ξένοι
1025 580 1086 619 vel
1108 579 1134 618 ii
1160 587 1270 626 sunt,
1294 593 1398 631 quos
1418 578 1585 631 proprie
1610 577 1818 622 dixerunt,

306 641 524 696 peregrini.
550 639 729 679 Athenis
758 642 1064 677 commorantes
1093 635 1359 688 aliquamdiu,
1382 633 1444 673 vel
1469 633 1536 686 qui
1565 632 1667 672 alias
1691 631 1820 671 nomi-

307 703 462 738 nantur
492 699 673 747 μέτοικοι,
712 694 862 734 Latine
893 692 1015 732 hodie
1047 696 1215 731 vertunt
1248 690 1463 744 ¹inquilinos
1491 704 1562 728 seu
1590 688 1819 741 municipes,

238 758 293 801 67
306 760 528 806 utrumque
561 752 696 791 minus
730 756 1018 804 congruenter,
1051 753 1097 787 ut
1131 747 1179 787 fit
1213 747 1252 786 in
1288 747 1351 785 his
1384 746 1519 785 rebus.
1583 744 1644 784 At
1675 743 1819 798 quaeri

306 816 445 864 potest
478 810 529 848 (le
560 822 658 847 voce
689 807 810 856 ξένος,
841 813 937 845 utro
969 818 1089 843 sensu
1118 804 1158 842 in
1190 803 1279 857 lege
1311 802 1487 842 dicatur.
1550 801 1614 839 De
1645 814 1726 853 quo
1755 799 1822 838 vix

306 871 497 906 nostrum
524 870 633 903 esset
660 862 861 916 judicare,
891 861 924 900 si
956 860 1165 914 Leptines.
1193 859 1302 912 quod
1331 858 1371 897 in
1404 857 1592 898 oratione
1622 855 1820 902 innuitur,

306 937 357 962 ex
392 921 588 974 ambiguo
623 918 827 959 fallaciam
862 916 1147 970 quaesivisset.
1211 915 1369 954 Verum
1406 928 1487 952 non
1524 912 1646 951 nimis
1679 916 1821 951 tamen

308 978 507 1017 dubitem.
542 976 640 1029 quin
674 988 817 1014 vocem
852 972 1072 1026 praecipue
1108 972 1162 1011 ad
1196 973 1395 1021 μετοίκους
1429 968 1573 1009 referri
1606 966 1783 1007 voluerit
1798 975 1823 1004 s.

312 1034 500 1073 Fuerunt
532 1043 672 1072 autem
704 1031 873 1079 μέτοικοι
904 1028 959 1067 illi
986 1028 1047 1067 vel
1078 1027 1167 1080 ipsi,
1198 1027 1259 1066 vel
1288 1026 1450 1065 illorum
1482 1024 1711 1079 progenies,
1739 1022 1825 1076 qui,

242 1093 296 1134 68
310 1090 456 1129 relicto
486 1087 622 1141 patrio
651 1087 750 1131 solo.
774 1085 815 1124 in
846 1084 1036 1124 Atticam
1063 1083 1356 1136 migraverant,
1384 1096 1465 1120 non
1494 1082 1547 1121 ad
1576 1086 1739 1133 tempus
1767 1078 1823 1117 illi

310 1146 487 1199 quidem.
522 1143 593 1182 sed
626 1143 698 1187 ita.
731 1146 777 1180 ut
809 1140 890 1179 fide
922 1139 1088 1193 publiea
1120 1138 1372 1178 domicilium
1403 1138 1458 1177 ibi
1496 1152 1543 1177 ac
1574 1137 1713 1176 sedem
1744 1135 1824 1174 for—

310 1208 507 1241 tunarum
541 1198 874 1242 constituerent3
913 1196 1073 1248 fuitque
1106 1195 1207 1234 haec
1240 1195 1365 1234 turba
1397 1193 1615 1233 utilissima
1649 1191 1824 1231 civitati.

314 1258 421 1296 Nam
443 1256 665 1296 exercebat
688 1253 910 1307 praecipue
930 1258 1099 1305 praeter
1127 1255 1288 1290 ceteros
1317 1249 1492 1303 opificia,
1515 1254 1629 1289 artes
1658 1253 1699 1287 et
1721 1261 1825 1287 mer-

312 1322 512 1353 caturam.
546 1311 798 1364 sequebatur
826 1307 1028 1354 militiam.
1056 1306 1243 1360 inprimis
1272 1306 1471 1351 navalem,
1504 1304 1676 1358 reipubl.
1708 1308 1827 1356 quot-

312 1369 431 1409 annis
472 1367 680 1421 pendebat
732 1366 873 1404 decem
918 1364 991 1410 vel,
1035 1363 1146 1416 quod
1186 1362 1441 1415 probabilius
1492 1366 1567 1408 est,
1610 1359 1829 1399 duodecim

312 1425 533 1464 drachmas
560 1424 753 1473 μετοικίου
781 1420 957 1461 nomine.
988 1424 1029 1459 et
1061 1419 1263 1472 quasdam
1289 1424 1508 1471 praeterea
1537 1430 1684 1470 operas
1711 1429 1828 1469 prae-

313 1481 489 1520 stabatss.
561 1480 705 1531 Atque
744 1481 865 1516 erant
904 1475 945 1514 in
987 1476 1065 1514 hoc
1107 1489 1293 1522 numero,
1337 1489 1459 1528 quem
1499 1478 1665 1512 constat¹
1705 1485 1829 1524 saepe

312 1551 509 1590 inagnum
549 1535 686 1581 fuisse,
724 1532 902 1573 familiae
939 1531 1170 1571 ditissimae
1207 1535 1249 1570 et
1291 1529 1656 1570 honestissimaet:
1700 1527 1828 1567 nihilo

357 1664 374 1686 q
392 1660 520 1688 statuae
544 1657 584 1686 H.
603 1663 633 1686 et
655 1657 695 1685 A.
714 1656 744 1684 in
769 1656 836 1684 foro
858 1655 976 1693 positae
999 1655 1036 1683 ad

315 1711 381 1731 sera
410 1708 550 1738 tempora
582 1707 778 1728 manserunt.
827 1698 909 1726 Nam
939 1707 1036 1736 quum

315 1743 437 1773 ablatae
453 1748 555 1772 essent
573 1752 589 1770 a
607 1741 724 1774 Xerxe,
744 1741 938 1769 instauratae
956 1747 1038 1778 post-

315 1796 351 1815 ea
381 1792 457 1814 sunt
493 1784 621 1823 Olymp.
648 1792 697 1821 75,
724 1796 752 1820 4.
798 1783 869 1811 Vid.
904 1782 1037 1811 Meuzsii

319 1828 437 1857 Pisistr.
465 1837 489 1856 c.
512 1836 558 1862 14.
582 1834 611 1855 et
637 1825 759 1855 Corsini
785 1825 867 1854 Fast.
886 1825 956 1853 Att.
978 1823 1037 1853 vol.

317 1879 347 1907 3.
365 1881 393 1908 p.
412 1879 480 1907 ¹7¹·

360 1917 373 1933 Γ
390 1912 486 1940 Haud
509 1911 570 1940 scio
590 1920 630 1939 an
653 1908 732 1938 nulli
749 1916 841 1938 antea
858 1908 916 1938 hoc
938 1909 1040 1937 obser-

318 1962 427 1984 vatum
451 1954 503 1989 sit,
521 1953 650 1991 simplici
673 1952 800 1981 nomine
821 1949 914 1988 ξένων
935 1950 1038 1979 vocari

317 1996 489 2033 μετοίκους.
536 1995 649 2032 Scripsi
673 1994 702 2022 id
727 2000 833 2023 antem
850 1993 1037 2031 Aristopha-

319 2039 367 2067 nis
395 2038 581 2067 anctoritate
610 2036 717 2074 Equit.
742 2046 772 2064 v.
800 2044 885 2074 347„
912 2035 964 2064 uhi
993 2042 1039 2064 est

320 2080 399 2110 κατὰ
416 2078 501 2117 ξένου
517 2077 674 2115 μετοίκου,
690 2085 720 2107 et
737 2079 834 2116 ipsius
852 2077 1038 2106 Demosthe-

320 2123 378 2159 nis,
396 2123 486 2159 cujus
509 2121 610 2150 locum
633 2120 737 2149 notavi
756 2121 787 2148 in
806 2120 983 2149 Commeat.
1001 2120 1039 2147 ad

320 2175 348 2202 p.
377 2163 449 2200 463,
474 2164 503 2192 8.
550 2164 596 2191 At
626 2162 871 2200 distinguuntur
900 2161 972 2190 alibi
1002 2161 1040 2189 ab

322 2206 437 2236 Atticis
468 2205 581 2234 diserte
611 2203 689 2241 ξένοι
720 2210 750 2233 et
778 2203 928 2240 μέτοικοι,
957 2210 993 2232 ut
1023 2213 1040 2232 a

322 2247 469 2286 Xenoph.
504 2246 627 2276 Hellen.
658 2255 688 2284 5,
717 2255 743 2279 1,
774 2255 821 2274 12.
880 2245 1041 2274 Nimirum

321 2290 383 2319 alia
414 2295 548 2328 potestas
578 2288 715 2318 nominis
745 2288 831 2325 ξένου
862 2287 954 2316 latior
984 2294 1041 2322 est,

322 2332 383 2361 alia
420 2332 592 2370 angustior.
641 2331 732 2360 Hanc
770 2329 865 2368 vulgo
901 2330 1044 2367 seqnitur

322 2384 398 2403 usus
426 2373 594 2412 loquendi:
619 2372 671 2401 illa
697 2378 728 2402 et
754 2372 836 2409 locis,
860 2382 936 2410 qnos
960 2371 1042 2400 indi-

323 2416 400 2452 cavi,
423 2415 630 2444 confirmatur
652 2421 683 2444 et
702 2415 833 2444 ratione.
882 2414 943 2443 Res
966 2424 1042 2452 qno-

324 2459 490 2487 dammodo
510 2457 658 2486 illustrari
681 2464 780 2494 potest
799 2456 909 2486 collato
928 2456 1044 2485 Latino

324 2500 451 2528 nomine
486 2500 656 2537 pez-ewini.
718 2499 759 2528 Et
795 2498 948 2528 hactenus
979 2508 1041 2527 non

324 2541 405 2571 male
429 2542 587 2570 Diodorus
611 2541 670 2570 Sic.
692 2550 738 2578 13,
756 2550 806 2578 97.
831 2541 928 2570 videri
952 2541 1043 2570 debet

325 2584 501 2622 scripsisse:
525 2583 598 2613 τοὺς
623 2583 786 2620 μετοίκους
812 2583 861 2612 καὶ
885 2584 956 2611 τῶν
982 2582 1043 2612 ἄλ-

325 2632 396 2655 λων
427 2624 540 2663 ξένων
566 2625 638 2655 τοὺς
665 2624 874 2661 βουλομένους
902 2635 1041 2662 συναγω-

326 2667 477 2697 νίσασθαι.
526 2668 631 2697 Etiam
658 2667 756 2705 ξενίας
783 2667 888 2706 ’γραφὴ
916 2667 948 2696 in
970 2669 1043 2705 jure

328 2710 433 2739 Attico
451 2710 645 2748 potissimum
663 2711 700 2739 ad
721 2710 880 2745 μετοίκους
898 2710 1042 2748 pertinet.

326 2751 474 2781 Similiter
497 2751 633 2788 μέτοικοι
657 2751 788 2791 duplicis
810 2752 933 2791 generis
957 2758 1042 2789 sunt,

326 2793 387 2825 alii.
405 2804 481 2831 qnos
497 2794 645 2823 dixerunt
666 2794 799 2833 proprie,
817 2794 868 2823 alii
890 2793 1043 2824 ἴσοτελεῖς

325 2834 470 2871 μέτοικοι.
520 2836 601 2864 Num
624 2837 665 2865 sic
682 2836 771 2874 plene
790 2836 940 2865 dicuntur
957 2847 1043 2874 pere-

325 2877 418 2912 grini,
447 2878 498 2914 qni
529 2877 632 2915 populi
660 2878 808 2907 beneficio
839 2878 941 2907 ornati
970 2886 1045 2907 sunt

326 2918 493 2956 ι’σοτελείᾳ.
542 2919 589 2947 De
606 2930 666 2957 qna
683 2920 832 2949 continuo
848 2930 1012 2957 exponam.

1150 1659 1162 1673 s
1198 1653 1371 1682 Drachmas
1406 1661 1441 1681 12
1474 1652 1562 1690 posui
1596 1658 1663 1680 tum
1695 1650 1762 1680 aliis
1791 1651 1830 1679 de

1105 1696 1231 1731 caussis,
1250 1702 1317 1724 tum
1335 1701 1462 1733 propter
1484 1700 1591 1723 notam
1609 1693 1828 1722 auctoritatem

1109 1738 1199 1771 isaei,
1229 1748 1309 1775 qnae
1339 1736 1494 1766 difficilius
1525 1736 1683 1773 corrumpi
1714 1735 1828 1774 potuit,

1107 1790 1199 1819 qnam
1218 1779 1273 1809 loci
1296 1779 1459 1808 Ammonii
1476 1786 1507 1808 et
1526 1778 1685 1816 Hesychii.
1733 1778 1827 1814 Quod

1107 1831 1232 1861 propter
1270 1821 1517 1851 Valckenarium
1557 1822 1734 1850 monebam.
1791 1821 1830 1849 Et

1106 1865 1200 1902 idem,
1218 1864 1428 1893 Ammonium
1449 1863 1617 1902 explicans,
1636 1873 1699 1892 non
1721 1862 1831 1892 memi-

1107 1914 1198 1937 nerat
1224 1907 1355 1936 fortasse
1381 1906 1437 1936 loci
1466 1905 1612 1944 Xenoph.
1641 1907 1679 1935 de
1707 1905 1830 1943 Vectig.

1112 1960 1137 1987 2,
1170 1959 1210 1982 2.,
1238 1950 1324 1978 unde
1350 1949 1431 1978 clare
1461 1954 1600 1987 apparet,
1627 1955 1658 1978 et
1689 1954 1773 1977 terra
1799 1954 1831 1976 et

1108 1993 1186 2021 mari
1217 1990 1380 2028 μετοίκους
1410 1990 1566 2029 stipendia
1595 1990 1712 2020 fecisse.
1770 1990 1831 2019 Sed

1108 2035 1248 2063 sananda
1273 2040 1347 2063 sunt
1372 2033 1592 2071 Xenophontis
1617 2033 1711 2062 verba
1737 2032 1830 2062 &Ves-

1108 2077 1229 2115 selingii
1258 2076 1297 2105 ad
1330 2076 1471 2105 Petitnm
1503 2075 1573 2104 LL.
1599 2076 1674 2104 AA.
1703 2085 1731 2114 p.
1758 2074 1830 2112 654.

1108 2118 1337 2154 emendatione,
1361 2117 1459 2154 μέγας
1484 2116 1541 2154 μὲν
1565 2116 1625 2155 ’γὰρ
1653 2117 1669 2146 ὁ
1694 2115 1832 2146 κίνδυνος

1109 2161 1219 2195 αὐτῶν,
1251 2170 1307 2198 pro
1344 2169 1389 2196 eo,
1422 2161 1504 2197 quod
1543 2159 1703 2198 vulgatur,
1734 2158 1829 2188 ἀπών.

1109 2202 1184 2231 Alia
1211 2212 1297 2231 nnnc
1321 2202 1433 2231 omitto
1460 2203 1498 2231 de
1523 2202 1701 2231 conditione
1725 2201 1830 2238 μετοί-

1110 2256 1181 2281 κων,
1205 2244 1299 2273 etiam
1324 2243 1426 2274 locum
1450 2243 1614 2274 Demosth.
1637 2244 1669 2272 in
1696 2245 1830 2273 Androt.

1109 2297 1137 2325 p.
1159 2287 1230 2323 612,
1247 2295 1276 2323 4.
1300 2296 1317 2314 a
1338 2287 1464 2316 nemine
1484 2292 1640 2323 notatum,
1661 2286 1830 2316 notabilem

1110 2335 1226 2359 tamen.
1274 2328 1422 2358 Ceterum
1450 2329 1488 2358 de
1517 2329 1618 2367 operis
1644 2338 1764 2365 eorum,
1791 2339 1831 2358 ex

1109 2371 1222 2410 quibus
1239 2370 1436 2410 σκαφηφόροι
1453 2377 1608 2400 vocantur
1622 2377 1653 2401 et
1673 2371 1738 2408 rel.‚
1756 2377 1832 2401 nota

1110 2420 1185 2443 sunt
1202 2423 1317 2442 omnia.

1152 2456 1163 2477 ἴ
1181 2456 1219 2484 In
1238 2465 1366 2485 recensu
1388 2455 1562 2485 incolarum
1583 2456 1720 2492 Atticae,
1737 2464 1830 2494 quem

1111 2498 1293 2528 Demetrius
1318 2498 1489 2528 Phalereus
1511 2498 1585 2537 egit,
1609 2498 1731 2528 inventi
1756 2503 1832 2526 sunt

1109 2539 1246 2577 μέτοικοι
1288 2549 1402 2573 1οη00,
1455 2541 1537 2570 cives
1585 2549 1698 2578 21000,
1750 2539 1830 2569 servi

1111 2592 1247 2620 400000.
1295 2583 1441 2613 Ctesicles
1471 2583 1505 2612 in
1543 2582 1656 2612 illustri
1686 2583 1752 2611 loco
1782 2582 1830 2611 A·

1110 2625 1233 2655 thenaei
1258 2625 1286 2655 6.
1311 2635 1340 2664 p.
1361 2632 1419 2663 272
1438 2625 1474 2655 C.
1522 2626 1608 2664 Ergo
1629 2635 1692 2654 non
1714 2624 1831 2653 mirum

1110 2675 1165 2705 est,
1183 2667 1427 2705 Xenophontem
1450 2678 1501 2698 eos
1524 2669 1642 2705 majore
1664 2677 1740 2696 cura
1762 2667 1831 2705 dig-

1112 2720 1167 2739 nos
1184 2710 1340 2740 censuisse
1355 2710 1373 2739 l.
1385 2720 1410 2739 c.
1436 2709 1603 2748 Cephalus,
1620 2709 1669 2738 vir
1685 2709 1785 2738 bonus
1801 2715 1832 2738 et

1111 2752 1257 2791 locuples,
1275 2752 1357 2781 idem
1375 2763 1468 2791 quem
1485 2752 1572 2782 Plato
1587 2752 1619 2781 in
1637 2761 1778 2782 sermone
1794 2751 1832 2780 de

1112 2794 1285 2833 Republica
1308 2795 1447 2829 induxit,
1469 2794 1607 2825 Athenis
1628 2794 1709 2823 vixit
1730 2792 1834 2830 μέτοι-

1112 2848 1175 2873 κος,
1213 2838 1343 2875 ejnsque
1377 2837 1471 2873 filius,
1514 2838 1634 2877 Lysias,
1673 2835 1830 2872 ἰσοτελής.

1113 2879 1187 2907 vid.
1211 2879 1324 2918 Lysiae
1349 2879 1440 2910 Orat.
1464 2889 1510 2910 12.
1535 2886 1566 2910 et
1591 2880 1674 2910 Plut.
1694 2880 1761 2910 vit.
1783 2889 1830 2909 10.

1113 2921 1203 2950 Orat.
1222 2931 1251 2959 p.
1271 2920 1333 2959 836
1349 2922 1391 2950 A.
