1997 3256
510 146 832 187 ADVERSUS
868 147 1349 189 ARIsTOCRATEM.
1605 151 1687 193 945

177 252 296 292 alteri
318 251 516 293 adhibere
538 253 700 293 debeat.
748 253 976 293 Praeterea
996 254 1049 293 ab
1070 253 1276 293 Aeschine
1293 253 1333 292 in
1349 253 1534 307 Ctesiph.
1551 269 1590 307 p.
1606 256 1688 303 61.,

178 308 247 347 ubi
280 308 368 361 ejus
403 308 620 361 imperium
654 314 695 349 et
729 309 939 363 navigatio
969 309 1260 362 Hellespontia
1289 309 1526 363 attingitur,
1553 309 1690 349 dictus

178 368 241 403 cst
263 363 326 404 ἀπ’
347 366 600 416 εἰσαγγελίας
623 367 845 415 κρινόμενος
866 366 951 416 περὶ
973 366 1154 411 θανάτου,
1178 366 1347 418 ejusque
1367 370 1586 405 accusator
1608 365 1690 405 Dc-

177 419 415 459 mosthenes
451 420 541 466 fuit.
575 421 643 475 qui
680 421 749 461 illo
784 426 972 475 tempore
1012 435 1182 461 munere
1217 421 1489 461 trierarchiac
1522 421 1691 461 functus

177 480 282 515 era-t.
344 476 401 515 Et
432 477 674 517 scholiastes
705 477 757 517 ad
786 478 814 516 h
849 478 894 517 l.:
930 479 1213 527 Κηφισόδοτος,
1236 477 1691 527 πολιορκήσαςἈλωπε-

179 533 384 581 κόννησον,
413 534 686 584 εἰσαγγελθεὶς
718 535 779 572 διὰ
810 536 879 582 τὴν
909 533 1104 582 συνθήκην
1124 533 1193 582 τὴν
1215 533 1308 584 πρὸς
1334 534 1558 582 Χαρίδημον
1579 549 1692 584 γενο-

178 587 297 636 μένην
320 588 380 627 καὶ
405 591 718 640 καταψηφισθεὶς
739 589 856 628 πέντε
878 588 1083 630 ταλάντοις
1105 589 1304 638 ἐζημιώθη.
1363 588 1427 628 De
1448 588 1691 628 diversitate

180 643 429 683 mulctarum
447 644 526 684 vid.
546 644 745 684 Boeckhii
763 646 918 684 Occon.
936 644 1091 684 Athen.
1109 644 1184 684 vol.
1206 658 1239 683 1.
1254 659 1294 697 p.
1312 658 1409 695 414.
1461 644 1587 697 Apud
1611 644 1693 683 De·-

179 700 334 739 mosth.
365 699 406 738 in
429 700 608 741 Timocr.
639 715 678 753 p.
710 713 804 750 740.
837 699 986 753 aliquis
1017 699 1173 739 dicitur
1205 700 1416 750 προδοσίας
1452 701 1572 742 ἁλοὺς
1607 701 1693 751 τρία

179 755 354 795 τάλαντα
376 757 571 796 ἀποτῖσαι.
611 756 841 795 ΧΥΕΒΕΒ».

199 813 332 887 676,
357 825 418 851 10.
452 812 892 864 ὥστε-ζημιώσαντες]
936 810 1080 851 Citant
1109 811 1268 850 Anecd.
1299 810 1430 851 Bekk.
1453 826 1492 865 p.
1516 813 1605 862 146,
1629 811 1691 851 18.

238 925 286 972 67
296 894 333 971 6
356 936 416 962 11.
425 900 550 974 τρεῖς
583 923 883 982 δὲ-τιμτχσαι]
927 922 1071 963 Citant
1101 922 1260 962 Anecd.
1289 922 1421 963 Bekk.
1447 932 1598 977 p.175,
1627 936 1689 963 11.

182 978 431 1019 SOHAEF.

243 1035 528 1085 676,14.r?1v
550 1035 733 1087 ἀλογίαν]
772 1034 1098 1088 Harpocration,
1132 1036 1297 1086 ἀλογίας
1335 1034 1378 1073 τὸ
1409 1034 1556 1085 μηδένα
1587 1034 1694 1086 ἔχειν

181 1092 316 1142 λόγον,
345 1092 433 1130 ἀλλ’
458 1092 639 1142 ἀλογιστὶ
668 1091 862 1142 πράττειν·
899 1091 1154 1141 Δημοσθένης
1188 1093 1231 1130 ἐν
1261 1092 1311 1144 τῷ
1345 1091 1422 1130 κατ’
1444 1090 1696 1141 Ἀριστοκρά-

181 1163 284 1194 τους,
307 1149 368 1186 καὶ
392 1147 575 1187 Πλάτων.

239 1205 334 1254 676,
361 1205 424 1246 28.
449 1202 727 1257 Σμικυθίωνος]
763 1203 1077 1257 Harpocration
1099 1217 1131 1242 s.
1154 1203 1194 1242 h.
1212 1218 1248 1242 v.

241 1261 335 1310 677.
365 1272 403 1311 9.
423 1258 710 1313 Ἀθηνόδωρος]
747 1259 842 1298 Νο11
873 1259 958 1298 dux
989 1264 1080 1299 erat
1111 1259 1326 1312 copiarum
1358 1258 1694 1307 Atheniensium,

184 1319 229 1354 ut
255 1314 501 1355 Sehaeferus
529 1315 737 1369 opinatur.
761 1315 834 1355 sed
864 1314 1082 1368 prospexit
1109 1315 1414 1363 tantummodo,
1439 1315 1606 1368 quando
1631 1329 1698 1354 oc-

183 1371 293 1410 casio
323 1371 464 1419 ferret,
489 1385 631 1410 eorum
661 1371 908 1411 rationibus.
971 1371 1061 1422 Quo
1089 1371 1244 1411 referas
1266 1372 1391 1411 verba
1417 1373 1506 1411 ἰδὼν
1528 1371 1596 1411 τὸν
1621 1388 1697 1411 και-

181 1427 252 1477 ρὸκ
273 1431 422 1467 τοῦτον.
486 1427 725 1467 Habitabat
751 1427 860 1467 enim
886 1427 928 1466 in
951 1427 1131 1467 Thracia
1156 1428 1313 1475 urbem,
1339 1442 1463 1480 quam
1494 1427 1581 1480 ipse
1603 1441 1700 1466 con-

184 1483 362 1529 diderat,
387 1483 554 1524 colonis
578 1498 681 1537 quos
702 1498 750 1523 co
773 1484 963 1528 duxerat.
987 1484 1161 1523 cinctus.
1205 1484 1258 1523 V.
1281 1483 1333 1523 ad
1357 1498 1395 1537 p.
1415 1485 1509 1533 624,
1527 1497 1566 1536 5.
1617 1483 1697 1534 Qui

184 1553 310 1592 quum
332 1539 503 1586 videret.
528 1540 768 1580 Berisadem
790 1545 832 1580 et
855 1540 1116 1579 Amadocum
1146 1540 1276 1579 iratos
1298 1539 1548 1580 Charidemo
1579 1553 1698 1579 arma

184 1594 354 1648 cepisse,
386 1597 631 1649 conjunctus
665 1611 758 1636 cum
794 1596 873 1635 illis
910 1601 952 1636 et
988 1596 1075 1649 ipse
1111 1596 1165 1636 ad
1198 1596 1469 1650 pugnandum
1502 1595 1698 1643 surrexit,

183 1666 308 1691 manu
344 1652 693 1692 mercenariorum
729 1652 915 1700 collecta,
948 1667 1000 1691 ne
1028 1652 1309 1692 Athenienses
1344 1653 1540 1692 absentes
1573 1651 1700 1692 detri—

183 1712 370 1747 mentum
401 1708 443 1747 in
466 1708 723 1748 Chersoneso
754 1713 964 1762 caperent.
1027 1708 1147 1758 Quod
1173 1713 1315 1748 autem
1347 1708 1380 1747 is
1410 1707 1518 1748 infra
1539 1723 1576 1761 p.
1603 1710 1697 1760 677.

184 1765 280 1816 679.
303 1763 458 1804 dicitur
479 1764 619 1818 copias
641 1764 855 1813 dimisisse,
879 1764 991 1804 nulla
1014 1764 1195 1804 Athenis
1220 1764 1408 1817 pecunia,
1432 1778 1514 1817 qua
1545 1763 1699 1816 stipen-

184 1819 296 1859 dium
328 1821 581 1873 persolveret
608 1821 823 1867 militibus,
852 1825 1037 1873 acoepta,
1065 1820 1159 1860 inde
1191 1835 1271 1859 non
1304 1819 1606 1873 conjiciendum
1636 1824 1700 1859 est

184 1890 278 1915 eum
301 1876 447 1916 ducem
470 1881 630 1916 certum
651 1877 776 1916 fuisse
799 1876 1133 1916 Atheniensium.
1199 1875 1404 1926 Quoniam
1426 1890 1567 1915 eorum
1590 1889 1698 1915 com-

184 1932 296 1971 modi
323 1946 472 1972 caussa
499 1932 553 1972 ad
582 1933 820 1973 bellandum
849 1937 1023 1985 paratus
1049 1936 1152 1981 erat,
1176 1933 1374 1985 sperabat
1400 1946 1443 1971 se
1471 1932 1525 1971 ab
1547 1931 1597 1971 iis
1627 1931 1700 1971 sti-

185 1987 381 2040 pendium
404 1989 454 2027 de
477 1988 641 2042 publico
662 1993 943 2042 accepturum,
968 1988 1067 2041 ipsis
1092 1993 1234 2028 tamen
1264 1988 1332 2027 illo
1361 1992 1551 2040 tempore
1572 2002 1697 2041 quam

184 2044 365 2083 maxime
387 2044 436 2083 de
459 2044 633 2097 pecunia
654 2044 956 2084 laborantibus.
995 2043 1225 2083 WEBER.

242 2102 337 2151 677,
364 2102 423 2139 16.
458 2100 525 2148 τὴν
550 2101 700 2153 χώραν]
742 2101 812 2150 τὴν
839 2101 1103 2150 Χερρόνησον.
1166 2099 1327 2139 Eadem
1359 2098 1627 2151 intelligenda
1658 2113 1696 2151 p.

186 2157 280 2207 679,
309 2157 371 2194 26.
420 2155 670 2196 SCHAEF.

244 2212 339 2261 678,
361 2226 401 2262 4.
428 2213 466 2260 ἐξ
487 2213 592 2261 ὑμῶν
615 2211 756 2263 αὐτῶν]
797 2211 891 2251 Hoc
923 2211 1081 2251 dictum
1112 2217 1160 2252 ut
1191 2211 1231 2250 in
1262 2210 1439 2250 formula
1471 2210 1628 2250 usitata
1660 2211 1700 2258 ἐξ

186 2266 405 2315 Ἀθηναίων
436 2267 617 2306 ἁπάντων
649 2270 702 2317 (v.
733 2267 856 2320 (Jorp.
888 2267 1017 2306 Inscr.
1044 2267 1119 2306 vol.
1149 2281 1181 2305 1.
1210 2267 1277 2306 tit.
1306 2279 1396 2316 107,
1428 2268 1518 2318 30.)
1556 2265 1700 2304 REH-

188 2322 403 2361 DANTZ.
426 2323 466 2361 in
489 2337 662 2363 censura
683 2322 744 2362 ed.
766 2322 939 2362 W'eberi
962 2322 1001 2361 111
1024 2322 1168 2362 Jahnii
1194 2322 1344 2361 Annal.
1363 2321 1501 2374 philol.
1520 2336 1557 2360 a.
1580 2322 1699 2372 1846.

187 2377 265 2417 vol.
288 2390 358 2429 47.
383 2393 421 2430 p.
446 2391 544 2429 407.

250 2435 344 2481 678,
373 2447 432 2472 10.
460 2434 693 2486 τριβόντων]
732 2433 816 2474 τοὺς
848 2435 1012 2485 χρόνους
1044 2448 1093 2472 ex
1130 2433 1406 2485 praecedente
1437 2436 1515 2473 τοῖς
1545 2433 1703 2484 χρόνοις

188 2489 504 2542 intelligendum
526 2503 613 2528 esse
635 2494 777 2528 monet
800 2488 1009 2527 Reiskius.

245 2546 340 2596 678,
366 2557 422 2584 12.
446 2547 687 2594 ἐβοηθοῦμεν
710 2546 761 2586 εἰς
784 2543 979 2597 Εὔβοιαν]
1014 2544 1176 2597 011111Ῑ).
1200 2554 1289 2597 105,
1313 2557 1351 2596 3.
1374 2543 1510 2582 vocati
1538 2543 1579 2582 in
1600 2557 1700 2583 aux-

187 2600 302 2639 ilium
329 2601 382 2640 ab
409 2600 543 2640 alteia
576 2604 696 2653 palte
719 2599 1026 2639 Euboeensium
1055 2599 1132 2638 sibi
1164 2599 1421 2645 infestorum,
1445 2613 1571 2661 quum
1599 2598 1702 2638 alte-

187 2670 277 2695 iarn
309 2656 457 2695 Boeoti
491 2656 750 2708 adjuvalent,
783 2654 919 2694 missis
959 2655 1102 2694 statim
1136 2654 1276 2707 copiis,
1309 2654 1486 2693 insulam
1527 2654 1700 2707 ingressi

188 2711 338 2751 bellum
364 2711 477 2750 brevi
500 2716 688 2764 tempore
714 2715 1048 2762 composuerunt.
1111 2710 1237 2763 Cujus
1266 2710 1324 2749 rei
1350 2709 1527 2749 feliciter
1556 2713 1700 2763 gestae

190 2781 353 2820 quaque
378 2767 594 2806 occasione
621 2766 875 2806 mentionem
896 2765 992 2804 fecit
1014 2770 1168 2813 orator,
1192 2770 1239 2804 ut
1261 2765 1302 2804 in
1327 2765 1432 2804 Mid.
1457 2780 1495 2818 p.
1517 2778 1612 2817 570.
1636 2766 1702 2805 ὅτε

188 2822 258 2870 τὴν
281 2823 342 2861 ἐπὶ
366 2824 568 2871 Θηβαίους
600 2823 735 2871 ἔξοδον
757 2823 810 2862 εἰς
838 2822 1013 2870 Εὔβοιαν
1035 2823 1231 2860 ἐποιεῖσθε
1262 2822 1368 2870 ὑμεῖς
1408 2820 1577 2873 Olynth.
1606 2820 1638 2859 Ι.
1661 2835 1702 2873 p.

198 2891 206 2915 1
229 2891 256 2916 ι.
280 2877 460 2930 Philipp.
483 2878 515 2916 I.
533 2893 573 2931 p.
591 2892 659 2927 44.
684 2878 734 2916 de
752 2877 950 2917 Cherson.
970 2891 1008 2929 p.
1032 2879 1119 2916 108.
1143 2891 1217 2929 pro
1243 2876 1529 2930 Megalopolit.
1548 2890 1587 2929 p.
1605 2888 1699 2929 205.

190 2933 231 2971 in
255 2933 434 2972 Androt.
457 2948 496 2983 p.
519 2945 616 2985 597.
659 2932 890 2971 WEBER.

912 3002 981 3027 Aa
