1997 3256
519 151 839 192 ADVERSUS
874 152 1198 193 LEPTINEM.
1530 152 1608 195 691

106 254 268 295 Graeco
301 254 612 308 inscript-ionem
649 256 738 296 feei.
803 257 961 296 Verum
998 257 1062 296 hic
1099 272 1275 310 quoque,
1314 257 1383 296 ubi
1424 258 1477 297 ad
1518 272 1611 297 eum

104 310 239 350 locum
267 316 436 350 ventum
462 316 537 357 est.
563 312 631 364 qui
659 312 738 352 fuit
764 313 814 352 de
841 313 959 352 donis
987 314 1125 366 populi
1158 314 1259 353 ratis
1291 313 1503 361 habendis,
1530 314 1611 353 De-

103 367 342 406 mosthenes
364 366 614 420 interpellat,
638 383 719 421 quo
746 369 913 422 gravius
935 384 1027 409 eum
1056 369 1190 408 locum
1214 369 1477 409 auditoribus
1504 384 1611 409 com-

103 423 272 462 mendet
299 438 332 462 v.
358 436 419 462 10.
443 438 532 477 sqq.
594 426 740 477 Atque
771 425 847 464 hoc
879 425 967 478 ipso
998 425 1170 464 consilio
1204 425 1371 464 ducitur
1402 426 1456 464 ad
1487 426 1611 465 aliam

105 478 315 531 quandam
341 478 474 531 legem
496 494 521 518 a
545 479 720 533 Leptine
747 495 828 520 11011
849 481 985 520 minus
1007 480 1227 521 violatam:
1263 480 1341 520 κατ’
1375 481 1466 520 αὐτὸ
1499 485 1611 520 τοῦτο

104 535 315 587 ἔνοχον-.
380 535 600 575 Postremo
626 550 768 575 rursus
794 541 890 589 post
915 537 1022 576 hanc
1053 537 1183 590 legem
1215 536 1437 576 recitatam
1462 537 1612 576 Demo-

103 590 272 630 sthenes
306 605 350 630 se
387 591 591 631 immiscet
627 593 874 645 praeludens
910 592 1031 632 alteri
1072 592 1183 645 parti
1223 591 1324 645 legis
1363 592 1614 632 contrariae.

103 645 149 685 F.
171 648 225 685 A.
252 646 438 686 WOLF.
504 647 735 688 Verissima
755 648 868 687 haec.
932 648 1014 687 Sed
1045 662 1127 687 non
1158 652 1381 701 propterea
1409 662 1512 700 opus
1534 648 1611 687 fuit

103 706 152 741 ut
187 702 334 742 titulus
366 708 612 743 mutaletur
675 704 790 766 Quae
825 703 933 742 enim
968 708 1011 743 01
1050 703 1116 742 1110
1150 709 1192 743 01
1225 703 1418 756 (leimeps
1454 705 1613 755 (ἐφεξης

103 771 140 797 v.
162 759 221 808 6.)
244 758 412 798 recitari
436 759 652 810 jubentur,
676 759 815 799 omnia
836 759 1127 812 complectitur
1148 773 1274 798 unum
1299 758 1490 822 idemque
1512 759 1613 813 legis

103 827 294 876 cannen:
328 819 375 854 ut
404 814 540 854 scriba
561 817 607 854 τὰ
634 832 960 866 κατηγορηματα1
948 814 1120 855 alterius
1141 815 1243 869 legis
1270 814 1448 855 recitare
1471 815 1613 867 jussus

103 868 236 922 ipsam
266 870 559 910 Demosthenis
586 870 717 933 legem
745 871 832 923 (τὸν
861 871 1014 920 ιόμον),
1037 871 1154 924 cujus
1183 871 1251 911 illa
1284 875 1382 910 sunt
1410 875 1613 924 tanquam

102 925 329 972 exordium
354 925 733 979 10011111011101111111.
781 926 1032 966 SOHAEF.

158 981 340 1030 486,10.
371 982 498 1034 ἐστιν]
534 981 707 1022 Omittit
730 982 940 1022 Aristides
962 982 1009 1022 T.
1032 997 1071 1036 p.
1097 995 1190 1024 222.
1238 982 1431 1022 REISK.

160 1035 204 1076 ἐν
235 1041 316 1078 τοῖς
348 1038 435 1076 οὖσι
472 1038 601 1087 νόμοις
638 1038 793 1092 κυρίοις]
831 1039 1019 1078 Adverte
1055 1038 1345 1091 tlajectionem
1379 1038 1612 1077 v·e1borum.

103 1091 357 1133 SCHAEF.
420 1092 581 1132 Eodem
615 1094 738 1133 modo
771 1109 810 1147 p.
831 1106 924 1147 705,
955 1108 1016 1148 13.
1060 1096 1102 1134 ἐν
1135 1099 1215 1136 τοῖς
1246 1096 1333 1134 οὖσι
1365 1096 1495 1145 νόμοις
1525 1096 1614 1143 ὑμῖν

103 1150 252 1200 κυρίοις.

158 1205 255 1254 486,
286 1206 346 1244 16.
379 1206 639 1259 καταλείπων]
673 1207 907 1254 καταλιπὼν,
931 1207 1040 1259 quod
1063 1212 1128 1246 est
1156 1206 1197 1245 in
1218 1206 1308 1246 aliis
1330 1205 1457 1252 libris.
1481 1210 1614 1245 strue·

101 1264 242 1300 turam
262 1260 363 1300 facit
385 1260 677 1311 ἀκατάλληλον.
737 1262 888 1302 Graeci
909 1262 1018 1302 enim
1048 1262 1306 1311 καταλλήλως
1331 1262 1474 1301 dieunt
1502 1278 1613 1301 κοιτα-

101 1318 249 1356 λείπων
279 1316 487 1370 (particip.
514 1317 695 1370 imperf.)
729 1317 964 1368 ἐνομοθέτει,
1000 1322 1047 1357 ut
1084 1319 1307 1357 καταλιπὼν
1341 1317 1612 1367 ἐνομοθέτησε.

104 1372 172 1412 810
194 1373 317 1412 modo
339 1372 512 1427 legimus
535 1373 654 1413 ἔλυσε
675 1374 942 1424 γραψάμενος.
1005 1373 1254 1413 SCHAEF.

157 1429 254 1478 486,
284 1439 344 1480 17.
378 1430 439 1468 καὶ
476 1428 554 1468 κατ’
593 1429 684 1469 αὐτὸ
718 1433 830 1468 τοῦτο
864 1430 1021 1484 ἔνοχον]
1060 1429 1216 1469 Statim
1252 1429 1318 1468 hic
1354 1433 1397 1468 et
1429 1443 1526 1467 mox
1559 1429 1612 1468 ad

101 1484 346 1525 vocabulum
369 1486 543 1526 ἐναντίος
564 1485 740 1525 subaudi
764 1487 896 1535 νόμον.
960 1486 1030 1526 Vel
1051 1491 1218 1538 propter
1238 1485 1340 1524 hanc
1361 1498 1484 1524 unam
1504 1499 1613 1524 caus-

100 1554 185 1581 sam
207 1540 266 1580 lex
287 1539 453 1580 obnoxia
473 1547 528 1580 est
547 1541 793 1581 accusationi
812 1546 892 1581 etc.
926 1542 971 1581 F.
990 1542 1043 1581 A.
1067 1541 1250 1581 WOLF.
1295 1542 1355 1580 καὶ
1376 1540 1409 1580 si
1432 1541 1611 1583 abesset.

102 1611 185 1636 non
205 1596 472 1650 requirerem.
506 1596 756 1637 SCHAEF.

157 1654 254 1704 486,
285 1654 344 1693 18.
366 1651 410 1708 ᾖ]
436 1652 603 1693 Scilicet
623 1667 722 1693 noca
746 1653 816 1693 ίαν.
876 1652 1067 1692 REISK.

156 1710 254 1760 486,
279 1721 344 1763 23.
376 1710 434 1750 οἷς
467 1710 487 1748 ὁ
521 1712 637 1758 δῆμος
670 1709 803 1763 ἔδωκε]
836 1710 902 1749 Ex
932 1724 1030 1749 voce
1064 1711 1183 1758 ἀτελῆ
1219 1708 1347 1748 1111011.
1383 1708 1425 1748 τὸ
1459 1709 1614 1749 ἀτελεῖς

103 1764 215 1813 εἶναι,
254 1765 293 1805 h.
331 1779 365 1805 e.
404 1766 474 1814 τὴν
514 1765 709 1805 ἀτέλειαν.
782 1765 901 1806 Conf.
938 1781 978 1819 p.
1016 1768 1113 1818 496,
1144 1779 1204 1819 13.
1240 1767 1337 1818 506,
1373 1766 1411 1804 8.
1475 1764 1519 1803 F.
1562 1764 1611 1803 A.

104 1820 291 1861 WOLF.

158 1877 249 1917 ἀλλ’
272 1875 523 1929 οὐκ-νόμῳ]
549 1876 607 1916 Η.
626 1891 660 1916 0.
682 1878 789 1917 ἀλλὰ
809 1881 922 1917 τοῦτο
944 1878 1011 1917 οὐκ
1034 1878 1189 1917 ἔνεστιν
1212 1878 1254 1916 ἐν
1271 1880 1320 1931 τῷ
1343 1878 1457 1930 νόμῳ,
1476 1875 1522 1915 ὃν
1544 1880 1613 1916 νῦν

101 1934 167 1974 ὅδε
188 1933 451 1984 ἀντεισφέρει.
497 1933 542 1972 F.
565 1933 617 1971 A.
645 1932 832 1973 WOLF.

159 1988 244 2043 ὅδε]
275 1989 414 2042 Vulgo
436 1988 621 2029 referunt
643 1989 695 2028 ad
715 1989 983 2042 Ctesippum;
1018 1988 1187 2041 optime,
1203 1994 1250 2028 ut
1271 1993 1386 2042 pute.
1404 1989 1612 2043 Ulpianus

101 2045 157 2085 ad
177 2045 490 2098 Aphepsionem
509 2044 850 2099 [Apsephionem]
875 2045 920 2084 F.
938 2045 991 2085 A.
1008 2045 1193 2084 WOLF.
1226 2045 1279 2084 V.
1298 2045 1353 2084 ad
1370 2059 1409 2098 p.
1427 2060 1524 2099 501,
1552 2059 1610 2098 15.

102 2101 351 2142 SGHAEF.

157 2158 254 2209 486,
279 2169 301 2197 2
304 2170 345 2210 5.
378 2155 403 2196 ἅ
424 2173 465 2196 τε
487 2158 677 2196 δεδώκατε
700 2157 826 2209 κύρια]
862 2157 931 2196 Ad
952 2157 1054 2196 haec
1076 2157 1203 2196 verba
1224 2156 1368 2210 supple
1391 2158 1434 2196 ἐν
1454 2160 1505 2210 τῷ
1529 2159 1613 2197 τού-

100 2229 168 2253 του
194 2214 297 2266 νόμῳ
331 2214 450 2252 ἐστίν.
514 2212 623 2262 Quae
652 2212 832 2261 dedistis,
850 2213 943 2265 flata
973 2218 1008 2252 et
1037 2213 1193 2266 ifnteqra
1221 2219 1380 2252 manent
1398 2227 1488 2266 per
1512 2213 1614 2253 hanc

101 2269 234 2324 legem.
284 2269 354 2309 Ita
375 2268 520 2308 dicunt
542 2270 585 2308 ἐν
606 2270 709 2322 νόμῳ
730 2283 807 2322 pro
829 2270 870 2309 ἐκ
892 2270 1022 2319 νόμου.
1074 2268 1239 2308 Deinde
1260 2283 1423 2322 quoque
1446 2271 1613 2309 ἐνταῦθα

102 2326 181 2373 ἔνι,
195 2339 286 2379 per
304 2325 405 2365 hanc
425 2324 585 2378 quidem
606 2324 722 2378 Zeyem
739 2325 860 2365 licet.
898 2325 943 2365 F.
962 2325 1014 2364 A.
1030 2324 1216 2364 WOLF.
1269 2325 1400 2364 Recte
1421 2325 1609 2378 supplet:

101 2396 219 2422 secus
240 2381 558 2434 interpretatur.
619 2380 776 2421 Orator
796 2380 906 2420 enim
927 2380 1170 2434 simpliciter
1191 2386 1490 2421 commemorat
1510 2381 1612 2435 legis

100 2442 409 2492 argumentum.
457 2436 600 2476 Etiam
616 2451 655 2489 p.
672 2438 752 2486 48'·
735 2459 768 2487 s,
787 2449 822 2476 2.
855 2436 1002 2477 ἐνταῦθ’
1023 2437 1081 2476 ἔνι
1101 2436 1202 2475 nihil
1222 2435 1336 2476 aliud
1356 2437 1466 2476 valet
1488 2452 1612 2489 quam

101 2493 239 2534 baem
261 2493 336 2546 ἶφι]
356 2493 466 2539 inest,
489 2492 580 2531 0011.
603 2507 639 2532 v.
663 2505 702 2545 5.
735 2493 788 2532 V.
811 2498 899 2532 not.
921 2493 975 2532 ad
996 2507 1035 2546 p.
1057 2504 1154 2545 497
1179 2506 1212 2531 1.
1274 2491 1524 2532 SGHAEF.

143 2550 255 2621 '5486
281 2551 346 2590 26.
368 2547 390 2598 3)
412 2564 805 2610 παρακρουσαμενων,
827 2547 850 2598 3)
869 2550 966 2598 μετὰ
987 2548 1090 2588 ταῦτ’
1115 2547 1368 2601 ἀδικούντων]
1399 2565 1612 2599 παρακρου-

102 2605 266 2656 σάμενοι
287 2604 454 2644 0111111110
475 2612 588 2666 011111ἶ
611 2603 680 2656 qui
702 2604 798 2644 dolo
820 2603 898 2643 sibi
920 2603 1227 2643 immunitatem
1252 2608 1482 2657 pararunt:
1515 2607 1613 2653 μετὰ

102 2665 222 2701 ταῦτα
253 2662 485 2707 ἀδικοῦντες,
520 2659 590 2713 qui
626 2664 723 2713 post
754 2664 972 2713 acceptum
1007 2659 1161 2699 donum
1197 2659 1238 2698 in
1267 2674 1395 2713 remp.
1422 2665 1610 2713 peccant.

158 2774 255 2824 487,
282 2786 316 2812 1.
363 2771 595 2824 NOMOE.]
645 2773 841 2810 ΝΟΜΟΣ
884 2773 1428 2811 ΑΝΤΕΙΣΦΕΡΟΜΕΝΟΣ
1472 2770 1520 2810 F.
1557 2771 1610 2810 A.

103 2828 229 2869 Wolf.
252 2829 307 2868 V.
330 2832 417 2868 not.
439 2827 494 2867 ad
517 2842 556 2881 p.
579 2828 675 2877 486,
698 2840 737 2880 3.
800 2825 1052 2866 SOHAEF.

159 2886 257 2937 487,
281 2896 316 2924 2.
351 2882 501 2924 ἐνταυθ’
525 2884 602 2937 ἔνι]
642 2883 697 2922 V.
719 2887 805 2922 not.
828 2882 880 2922 ad
905 2897 945 2935 p.
967 2883 1063 2933 486,
1090 2894 1154 2934 25.
1217 2881 1468 2922 SGHAEF.

820 2940 894 2977 HQ
