<?xml version="1.0" encoding="UTF-8"?>
<!DOCTYPE html PUBLIC "-//W3C//DTD XHTML 1.0 Transitional//EN"
    "http://www.w3.org/TR/xhtml1/DTD/xhtml1-transitional.dtd">
<html xmlns="http://www.w3.org/1999/xhtml" xml:lang="en" lang="en">
 <head>
  <title>
</title>
<meta http-equiv="Content-Type" content="text/html;charset=utf-8" />
  <meta name='ocr-system' content='tesseract 3.04.00' />
  <meta name='ocr-capabilities' content='ocr_page ocr_carea ocr_par ocr_line ocrx_word'/>
</head>
<body>
  <div class='ocr_page' id='page_1' title='image "./operaexrecension06demouoft/operaexrecension06demouoft_0192.png"; bbox 0 0 1997 3256; ppageno 0'>
   <div class='ocr_carea' id='block_1_1' title="bbox 336 146 1265 190">
    <p class='ocr_par' dir='ltr' id='par_1_1' title="bbox 336 146 1265 190">
     <span class='ocr_line' id='line_1_1' title="bbox 336 146 1265 190; baseline -0.005 0"><span class='ocrx_word' id='word_1_1' title='bbox 336 150 419 190; x_wconf 77' lang='lat'>778</span> <span class='ocrx_word' id='word_1_2' title='bbox 915 146 978 185; x_wconf 81' lang='lat' dir='ltr'>IN</span> <span class='ocrx_word' id='word_1_3' title='bbox 1012 146 1265 186; x_wconf 72' lang='lat' dir='ltr'>MIDIAM.</span> 
     </span>
    </p>
   </div>
   <div class='ocr_carea' id='block_1_2' title="bbox 331 247 1864 2984">
    <p class='ocr_par' dir='ltr' id='par_1_2' title="bbox 331 247 1856 1427">
     <span class='ocr_line' id='line_1_2' title="bbox 331 247 1848 306; baseline -0.003 -15"><span class='ocrx_word' id='word_1_4' title='bbox 331 256 573 306; x_wconf 80' lang='lat' dir='ltr'>proventus,</span> <span class='ocrx_word' id='word_1_5' title='bbox 596 265 671 304; x_wconf 89' lang='lat' dir='ltr'>per</span> <span class='ocrx_word' id='word_1_6' title='bbox 691 249 997 303; x_wconf 87' lang='lat' dir='ltr'>appositionem</span> <span class='ocrx_word' id='word_1_7' title='bbox 1018 254 1132 289; x_wconf 86' lang='lat' dir='ltr'>recte</span> <span class='ocrx_word' id='word_1_8' title='bbox 1154 249 1322 293; x_wconf 80' lang='lat' dir='ltr'>dicitur.</span> <span class='ocrx_word' id='word_1_9' title='bbox 1346 249 1406 288; x_wconf 88' lang='lat' dir='ltr'>ita</span> <span class='ocrx_word' id='word_1_10' title='bbox 1434 248 1569 302; x_wconf 81' lang='lat' dir='ltr'>figura</span> <span class='ocrx_word' id='word_1_11' title='bbox 1600 262 1682 288; x_wconf 91' lang='lat' dir='ltr'>non</span> <span class='ocrx_word' id='word_1_12' title='bbox 1713 247 1848 286; x_wconf 86' lang='lat' dir='ltr'>minus</span> 
     </span>
     <span class='ocr_line' id='line_1_3' title="bbox 333 303 1849 361; baseline -0.003 -14"><span class='ocrx_word' id='word_1_13' title='bbox 333 308 403 348; x_wconf 87' lang='lat' dir='ltr'>illa</span> <span class='ocrx_word' id='word_1_14' title='bbox 432 307 612 361; x_wconf 73' lang='lat' dir='ltr'>poetica,</span> <span class='ocrx_word' id='word_1_15' title='bbox 637 306 805 346; x_wconf 89' lang='lat' dir='ltr'>eosdem</span> <span class='ocrx_word' id='word_1_16' title='bbox 834 305 981 345; x_wconf 83' lang='lat' dir='ltr'>choros</span> <span class='ocrx_word' id='word_1_17' title='bbox 1013 304 1254 358; x_wconf 85' lang='lat' dir='ltr'>simpliciter</span> <span class='ocrx_word' id='word_1_18' title='bbox 1284 304 1399 356; x_wconf 85' lang='grc' dir='ltr'>χάριν</span> <span class='ocrx_word' id='word_1_19' title='bbox 1421 305 1570 354; x_wconf 80' lang='grc' dir='ltr'>ὡραίων</span> <span class='ocrx_word' id='word_1_20' title='bbox 1591 303 1745 343; x_wconf 79' lang='lat' dir='ltr'>dixerit</span> <span class='ocrx_word' id='word_1_21' title='bbox 1770 303 1849 356; x_wconf 82' lang='lat' dir='ltr'>Py-</span> 
     </span>
     <span class='ocr_line' id='line_1_4' title="bbox 333 359 1851 406; baseline -0.004 -3"><span class='ocrx_word' id='word_1_22' title='bbox 333 364 451 404; x_wconf 89' lang='lat' dir='ltr'>thia:</span> <span class='ocrx_word' id='word_1_23' title='bbox 496 368 543 402; x_wconf 88' lang='lat' dir='ltr'>ut</span> <span class='ocrx_word' id='word_1_24' title='bbox 579 362 695 402; x_wconf 90' lang='lat' dir='ltr'>notio</span> <span class='ocrx_word' id='word_1_25' title='bbox 736 361 849 401; x_wconf 87' lang='lat' dir='ltr'>chori</span> <span class='ocrx_word' id='word_1_26' title='bbox 892 361 990 400; x_wconf 87' lang='lat' dir='ltr'>insit</span> <span class='ocrx_word' id='word_1_27' title='bbox 1030 361 1110 400; x_wconf 90' lang='lat' dir='ltr'>toti</span> <span class='ocrx_word' id='word_1_28' title='bbox 1150 361 1368 400; x_wconf 86' lang='lat' dir='ltr'>verborum</span> <span class='ocrx_word' id='word_1_29' title='bbox 1409 360 1635 406; x_wconf 77' lang='lat' dir='ltr'>contextui.</span> <span class='ocrx_word' id='word_1_30' title='bbox 1672 359 1851 399; x_wconf 80' lang='lat' dir='ltr'>maxime</span> 
     </span>
     <span class='ocr_line' id='line_1_5' title="bbox 333 415 1850 470; baseline -0.003 -11"><span class='ocrx_word' id='word_1_31' title='bbox 333 425 476 459; x_wconf 89' lang='lat' dir='ltr'>tamen</span> <span class='ocrx_word' id='word_1_32' title='bbox 506 419 632 458; x_wconf 89' lang='lat' dir='ltr'>verbo</span> <span class='ocrx_word' id='word_1_33' title='bbox 664 418 705 457; x_wconf 92' lang='lat' dir='ltr'>in</span> <span class='ocrx_word' id='word_1_34' title='bbox 739 418 815 458; x_wconf 87' lang='lat' dir='ltr'>hac</span> <span class='ocrx_word' id='word_1_35' title='bbox 850 431 895 456; x_wconf 90' lang='lat' dir='ltr'>re</span> <span class='ocrx_word' id='word_1_36' title='bbox 929 416 1115 456; x_wconf 83' lang='lat' dir='ltr'>sollemni</span> <span class='ocrx_word' id='word_1_37' title='bbox 1147 416 1312 456; x_wconf 80' lang='grc' dir='ltr'>ἱστάναι.</span> <span class='ocrx_word' id='word_1_38' title='bbox 1376 415 1425 454; x_wconf 82' lang='grc'>111</span> <span class='ocrx_word' id='word_1_39' title='bbox 1459 430 1541 470; x_wconf 89' lang='lat' dir='ltr'>qua</span> <span class='ocrx_word' id='word_1_40' title='bbox 1576 416 1741 456; x_wconf 87' lang='lat' dir='ltr'>ratione</span> <span class='ocrx_word' id='word_1_41' title='bbox 1774 429 1850 468; x_wconf 81' lang='lat' dir='ltr'>ego</span> 
     </span>
     <span class='ocr_line' id='line_1_6' title="bbox 334 471 1851 528; baseline -0.003 -13"><span class='ocrx_word' id='word_1_42' title='bbox 334 480 449 515; x_wconf 86' lang='lat' dir='ltr'>certe</span> <span class='ocrx_word' id='word_1_43' title='bbox 480 474 712 528; x_wconf 73' lang='lat' dir='ltr'>acquiesco.</span> <span class='ocrx_word' id='word_1_44' title='bbox 776 473 859 514; x_wconf 87' lang='lat' dir='ltr'>Sed</span> <span class='ocrx_word' id='word_1_45' title='bbox 888 473 988 526; x_wconf 86' lang='lat' dir='ltr'>quid</span> <span class='ocrx_word' id='word_1_46' title='bbox 1020 487 1236 512; x_wconf 88' lang='lat' dir='ltr'>commune</span> <span class='ocrx_word' id='word_1_47' title='bbox 1268 483 1331 511; x_wconf 82' lang='lat' dir='ltr'>est</span> <span class='ocrx_word' id='word_1_48' title='bbox 1362 471 1425 511; x_wconf 88' lang='lat' dir='ltr'>his</span> <span class='ocrx_word' id='word_1_49' title='bbox 1456 472 1617 512; x_wconf 76' lang='lat' dir='ltr'>choreis</span> <span class='ocrx_word' id='word_1_50' title='bbox 1647 486 1722 525; x_wconf 82' lang='lat' dir='ltr'>per</span> <span class='ocrx_word' id='word_1_51' title='bbox 1742 471 1851 510; x_wconf 77' lang='lat' dir='ltr'>vicos</span> 
     </span>
     <span class='ocr_line' id='line_1_7' title="bbox 335 527 1852 585; baseline -0.004 -13"><span class='ocrx_word' id='word_1_52' title='bbox 335 537 378 572; x_wconf 86' lang='lat' dir='ltr'>et</span> <span class='ocrx_word' id='word_1_53' title='bbox 399 532 562 585; x_wconf 81' lang='lat' dir='ltr'>plateas</span> <span class='ocrx_word' id='word_1_54' title='bbox 584 529 783 570; x_wconf 86' lang='lat' dir='ltr'>ducendis</span> <span class='ocrx_word' id='word_1_55' title='bbox 806 544 898 569; x_wconf 89' lang='lat' dir='ltr'>cum</span> <span class='ocrx_word' id='word_1_56' title='bbox 930 529 1007 568; x_wconf 89' lang='lat' dir='ltr'>illis</span> <span class='ocrx_word' id='word_1_57' title='bbox 1036 528 1255 568; x_wconf 89' lang='lat' dir='ltr'>tibicinum</span> <span class='ocrx_word' id='word_1_58' title='bbox 1278 528 1450 580; x_wconf 86' lang='lat' dir='ltr'>aliisque</span> <span class='ocrx_word' id='word_1_59' title='bbox 1471 528 1607 567; x_wconf 90' lang='lat' dir='ltr'>choris</span> <span class='ocrx_word' id='word_1_60' title='bbox 1630 528 1681 567; x_wconf 93' lang='lat' dir='ltr'>de</span> <span class='ocrx_word' id='word_1_61' title='bbox 1703 527 1852 580; x_wconf 86' lang='lat' dir='ltr'>quibus</span> 
     </span>
     <span class='ocr_line' id='line_1_8' title="bbox 335 583 1852 637; baseline -0.003 -11"><span class='ocrx_word' id='word_1_62' title='bbox 335 588 377 627; x_wconf 93' lang='lat' dir='ltr'>in</span> <span class='ocrx_word' id='word_1_63' title='bbox 404 588 480 628; x_wconf 87' lang='lat' dir='ltr'>hac</span> <span class='ocrx_word' id='word_1_64' title='bbox 508 587 698 627; x_wconf 88' lang='lat' dir='ltr'>oratione</span> <span class='ocrx_word' id='word_1_65' title='bbox 720 585 1024 625; x_wconf 85' lang='lat' dir='ltr'>Demosthenes</span> <span class='ocrx_word' id='word_1_66' title='bbox 1038 586 1050 624; x_wconf 72' lang='grc' dir='ltr'>’Ξ</span> <span class='ocrx_word' id='word_1_67' title='bbox 1113 585 1241 631; x_wconf 74' lang='lat' dir='ltr'>Ideni,</span> <span class='ocrx_word' id='word_1_68' title='bbox 1265 585 1305 623; x_wconf 89' lang='lat' dir='ltr'>ni</span> <span class='ocrx_word' id='word_1_69' title='bbox 1335 584 1470 630; x_wconf 85' lang='lat' dir='ltr'>fallor,</span> <span class='ocrx_word' id='word_1_70' title='bbox 1492 584 1602 637; x_wconf 86' lang='lat' dir='ltr'>quod</span> <span class='ocrx_word' id='word_1_71' title='bbox 1633 584 1691 623; x_wconf 88' lang='lat' dir='ltr'>rei</span> <span class='ocrx_word' id='word_1_72' title='bbox 1723 583 1852 622; x_wconf 85' lang='lat' dir='ltr'>sceni-</span> 
     </span>
     <span class='ocr_line' id='line_1_9' title="bbox 334 639 1849 696; baseline -0.003 -13"><span class='ocrx_word' id='word_1_73' title='bbox 334 658 407 684; x_wconf 88' lang='lat' dir='ltr'>cae</span> <span class='ocrx_word' id='word_1_74' title='bbox 430 643 615 687; x_wconf 80' lang='lat' dir='ltr'>Atticae.</span> <span class='ocrx_word' id='word_1_75' title='bbox 640 642 751 696; x_wconf 90' lang='lat' dir='ltr'>quod</span> <span class='ocrx_word' id='word_1_76' title='bbox 773 641 985 695; x_wconf 77' lang='lat' dir='ltr'>tragoedis</span> <span class='ocrx_word' id='word_1_77' title='bbox 1007 646 1050 680; x_wconf 85' lang='lat' dir='ltr'>et</span> <span class='ocrx_word' id='word_1_78' title='bbox 1072 641 1280 680; x_wconf 89' lang='lat' dir='ltr'>comoedis</span> <span class='ocrx_word' id='word_1_79' title='bbox 1302 639 1579 693; x_wconf 76' lang='lat' dir='ltr'>posteriorum</span> <span class='ocrx_word' id='word_1_80' title='bbox 1600 644 1849 693; x_wconf 72' lang='lat' dir='ltr'>temporum,</span> 
     </span>
     <span class='ocr_line' id='line_1_10' title="bbox 335 695 1851 751; baseline -0.003 -12"><span class='ocrx_word' id='word_1_81' title='bbox 335 714 429 739; x_wconf 87' lang='lat' dir='ltr'>cum</span> <span class='ocrx_word' id='word_1_82' title='bbox 464 700 531 739; x_wconf 86' lang='lat' dir='ltr'>illo</span> <span class='ocrx_word' id='word_1_83' title='bbox 566 699 695 739; x_wconf 89' lang='lat' dir='ltr'>rurali</span> <span class='ocrx_word' id='word_1_84' title='bbox 731 698 890 737; x_wconf 89' lang='lat' dir='ltr'>ludicro</span> <span class='ocrx_word' id='word_1_85' title='bbox 930 712 1012 750; x_wconf 84' lang='lat' dir='ltr'>quo</span> <span class='ocrx_word' id='word_1_86' title='bbox 1053 712 1127 751; x_wconf 91' lang='lat' dir='ltr'>per</span> <span class='ocrx_word' id='word_1_87' title='bbox 1168 711 1297 750; x_wconf 82' lang='lat' dir='ltr'>pagos</span> <span class='ocrx_word' id='word_1_88' title='bbox 1333 696 1625 736; x_wconf 75' lang='lat' dir='ltr'>discurrebant</span> <span class='ocrx_word' id='word_1_89' title='bbox 1659 695 1851 749; x_wconf 83' lang='lat' dir='ltr'>peruncti</span> 
     </span>
     <span class='ocr_line' id='line_1_11' title="bbox 333 751 1853 806; baseline -0.004 -10"><span class='ocrx_word' id='word_1_90' title='bbox 333 756 517 796; x_wconf 86' lang='lat' dir='ltr'>faecibus</span> <span class='ocrx_word' id='word_1_91' title='bbox 539 770 625 795; x_wconf 73' lang='lat' dir='ltr'>ora..</span> <span class='ocrx_word' id='word_1_92' title='bbox 688 755 746 794; x_wconf 87' lang='lat' dir='ltr'>Et</span> <span class='ocrx_word' id='word_1_93' title='bbox 767 754 827 794; x_wconf 89' lang='lat' dir='ltr'>ita</span> <span class='ocrx_word' id='word_1_94' title='bbox 850 768 969 793; x_wconf 87' lang='lat' dir='ltr'>omne</span> <span class='ocrx_word' id='word_1_95' title='bbox 998 753 1189 792; x_wconf 89' lang='lat' dir='ltr'>ludorum</span> <span class='ocrx_word' id='word_1_96' title='bbox 1220 767 1352 806; x_wconf 68' lang='lat' dir='ltr'>genus</span> <span class='ocrx_word' id='word_1_97' title='bbox 1373 752 1488 799; x_wconf 77' lang='lat' dir='ltr'>rude,</span> <span class='ocrx_word' id='word_1_98' title='bbox 1513 752 1623 805; x_wconf 87' lang='lat' dir='ltr'>quod</span> <span class='ocrx_word' id='word_1_99' title='bbox 1645 766 1720 805; x_wconf 90' lang='lat' dir='ltr'>per</span> <span class='ocrx_word' id='word_1_100' title='bbox 1739 751 1853 791; x_wconf 84' lang='lat' dir='ltr'>festi-</span> 
     </span>
     <span class='ocr_line' id='line_1_12' title="bbox 333 806 1853 863; baseline -0.003 -12"><span class='ocrx_word' id='word_1_101' title='bbox 333 827 428 852; x_wconf 72' lang='lat' dir='ltr'>vam</span> <span class='ocrx_word' id='word_1_102' title='bbox 459 812 663 852; x_wconf 78' lang='lat' dir='ltr'>laetitiam</span> <span class='ocrx_word' id='word_1_103' title='bbox 694 810 987 863; x_wconf 57' lang='lat' dir='ltr'>licentifflmtlue</span> <span class='ocrx_word' id='word_1_104' title='bbox 1018 806 1285 849; x_wconf 86' lang='lat' dir='ltr'>celebrabant</span> <span class='ocrx_word' id='word_1_105' title='bbox 1316 808 1503 848; x_wconf 88' lang='lat' dir='ltr'>homines</span> <span class='ocrx_word' id='word_1_106' title='bbox 1530 808 1730 861; x_wconf 88' lang='lat' dir='ltr'>cujusque</span> <span class='ocrx_word' id='word_1_107' title='bbox 1759 807 1853 847; x_wconf 86' lang='lat' dir='ltr'>civi-</span> 
     </span>
     <span class='ocr_line' id='line_1_13' title="bbox 332 864 1848 920; baseline -0.003 -12"><span class='ocrx_word' id='word_1_108' title='bbox 332 868 435 908; x_wconf 84' lang='lat' dir='ltr'>tatis</span> <span class='ocrx_word' id='word_1_109' title='bbox 457 869 605 918; x_wconf 80' lang='grc' dir='ltr'>ἄμμιγα</span> <span class='ocrx_word' id='word_1_110' title='bbox 627 867 778 912; x_wconf 82' lang='grc' dir='ltr'>πάντες,</span> <span class='ocrx_word' id='word_1_111' title='bbox 802 866 1003 920; x_wconf 86' lang='lat' dir='ltr'>paulatim</span> <span class='ocrx_word' id='word_1_112' title='bbox 1034 870 1179 919; x_wconf 86' lang='lat' dir='ltr'>postca</span> <span class='ocrx_word' id='word_1_113' title='bbox 1209 865 1372 905; x_wconf 87' lang='lat' dir='ltr'>artibus</span> <span class='ocrx_word' id='word_1_114' title='bbox 1400 864 1575 904; x_wconf 82' lang='lat' dir='ltr'>excultis</span> <span class='ocrx_word' id='word_1_115' title='bbox 1607 864 1661 904; x_wconf 90' lang='lat' dir='ltr'>ad</span> <span class='ocrx_word' id='word_1_116' title='bbox 1692 878 1848 917; x_wconf 88' lang='lat' dir='ltr'>paucos</span> 
     </span>
     <span class='ocr_line' id='line_1_14' title="bbox 334 920 1853 976; baseline -0.004 -12"><span class='ocrx_word' id='word_1_117' title='bbox 334 922 523 971; x_wconf 68' lang='lat' dir='ltr'>cedebat,</span> <span class='ocrx_word' id='word_1_118' title='bbox 547 923 615 976; x_wconf 83' lang='lat' dir='ltr'>qui</span> <span class='ocrx_word' id='word_1_119' title='bbox 638 923 679 961; x_wconf 93' lang='lat' dir='ltr'>in</span> <span class='ocrx_word' id='word_1_120' title='bbox 701 937 864 976; x_wconf 75' lang='lat' dir='ltr'>quoque</span> <span class='ocrx_word' id='word_1_121' title='bbox 885 936 1035 975; x_wconf 79' lang='lat' dir='ltr'>genere</span> <span class='ocrx_word' id='word_1_122' title='bbox 1063 921 1344 975; x_wconf 57' lang='lat' dir='ltr'>perfectiores..</span> <span class='ocrx_word' id='word_1_123' title='bbox 1368 936 1391 961; x_wconf 92' lang='lat' dir='ltr'>a</span> <span class='ocrx_word' id='word_1_124' title='bbox 1415 920 1635 960; x_wconf 76' lang='lat' dir='ltr'>ditioribus</span> <span class='ocrx_word' id='word_1_125' title='bbox 1659 920 1853 959; x_wconf 87' lang='lat' dir='ltr'>conducti</span> 
     </span>
     <span class='ocr_line' id='line_1_15' title="bbox 333 976 1855 1033; baseline -0.002 -14"><span class='ocrx_word' id='word_1_126' title='bbox 333 980 498 1033; x_wconf 87' lang='lat' dir='ltr'>publice</span> <span class='ocrx_word' id='word_1_127' title='bbox 520 979 753 1026; x_wconf 70' lang='lat' dir='ltr'>certabant,</span> <span class='ocrx_word' id='word_1_128' title='bbox 775 979 928 1032; x_wconf 88' lang='lat' dir='ltr'>populo</span> <span class='ocrx_word' id='word_1_129' title='bbox 950 983 1094 1018; x_wconf 90' lang='lat' dir='ltr'>actore</span> <span class='ocrx_word' id='word_1_130' title='bbox 1117 978 1213 1017; x_wconf 90' lang='lat' dir='ltr'>olim</span> <span class='ocrx_word' id='word_1_131' title='bbox 1240 992 1348 1016; x_wconf 89' lang='lat' dir='ltr'>nunc</span> <span class='ocrx_word' id='word_1_132' title='bbox 1380 981 1612 1030; x_wconf 79' lang='lat' dir='ltr'>spectante.</span> <span class='ocrx_word' id='word_1_133' title='bbox 1674 976 1855 1016; x_wconf 85' lang='lat' dir='ltr'>Oracula</span> 
     </span>
     <span class='ocr_line' id='line_1_16' title="bbox 334 1033 1852 1089; baseline -0.002 -14"><span class='ocrx_word' id='word_1_134' title='bbox 334 1036 477 1089; x_wconf 85' lang='lat' dir='ltr'>itaque</span> <span class='ocrx_word' id='word_1_135' title='bbox 508 1035 591 1082; x_wconf 84' lang='lat' dir='ltr'>illa,</span> <span class='ocrx_word' id='word_1_136' title='bbox 619 1035 703 1075; x_wconf 82' lang='lat' dir='ltr'>sive</span> <span class='ocrx_word' id='word_1_137' title='bbox 727 1035 837 1088; x_wconf 88' lang='lat' dir='ltr'>quod</span> <span class='ocrx_word' id='word_1_138' title='bbox 868 1034 1174 1087; x_wconf 80' lang='lat' dir='ltr'>antiquioribus</span> <span class='ocrx_word' id='word_1_139' title='bbox 1206 1033 1464 1087; x_wconf 79' lang='lat' dir='ltr'>temporibus</span> <span class='ocrx_word' id='word_1_140' title='bbox 1495 1037 1669 1086; x_wconf 84' lang='lat' dir='ltr'>accepta</span> <span class='ocrx_word' id='word_1_141' title='bbox 1701 1037 1852 1079; x_wconf 81' lang='lat' dir='ltr'>essent,</span> 
     </span>
     <span class='ocr_line' id='line_1_17' title="bbox 335 1088 1855 1145; baseline -0.003 -14"><span class='ocrx_word' id='word_1_142' title='bbox 335 1092 420 1131; x_wconf 84' lang='lat' dir='ltr'>sive</span> <span class='ocrx_word' id='word_1_143' title='bbox 443 1092 553 1145; x_wconf 88' lang='lat' dir='ltr'>quod</span> <span class='ocrx_word' id='word_1_144' title='bbox 576 1091 806 1131; x_wconf 84' lang='lat' dir='ltr'>carminum</span> <span class='ocrx_word' id='word_1_145' title='bbox 837 1091 1069 1129; x_wconf 76' lang='lat' dir='ltr'>divinorum</span> <span class='ocrx_word' id='word_1_146' title='bbox 1101 1095 1294 1130; x_wconf 81' lang='lat' dir='ltr'>auctores</span> <span class='ocrx_word' id='word_1_147' title='bbox 1325 1090 1505 1142; x_wconf 80' lang='lat' dir='ltr'>priscam</span> <span class='ocrx_word' id='word_1_148' title='bbox 1536 1090 1672 1129; x_wconf 84' lang='lat' dir='ltr'>adhuc</span> <span class='ocrx_word' id='word_1_149' title='bbox 1702 1088 1855 1141; x_wconf 87' lang='lat' dir='ltr'>simpli-</span> 
     </span>
     <span class='ocr_line' id='line_1_18' title="bbox 337 1145 1853 1201; baseline -0.003 -13"><span class='ocrx_word' id='word_1_150' title='bbox 337 1149 509 1188; x_wconf 87' lang='lat' dir='ltr'>citatem</span> <span class='ocrx_word' id='word_1_151' title='bbox 542 1161 642 1201; x_wconf 86' lang='lat' dir='ltr'>prae</span> <span class='ocrx_word' id='word_1_152' title='bbox 674 1147 803 1187; x_wconf 84' lang='lat' dir='ltr'>oculis</span> <span class='ocrx_word' id='word_1_153' title='bbox 835 1147 1050 1193; x_wconf 69' lang='lat' dir='ltr'>haberent,</span> <span class='ocrx_word' id='word_1_154' title='bbox 1081 1146 1230 1185; x_wconf 86' lang='lat' dir='ltr'>choros</span> <span class='ocrx_word' id='word_1_155' title='bbox 1261 1146 1313 1185; x_wconf 90' lang='lat' dir='ltr'>ab</span> <span class='ocrx_word' id='word_1_156' title='bbox 1345 1145 1538 1185; x_wconf 80' lang='lat' dir='ltr'>universo</span> <span class='ocrx_word' id='word_1_157' title='bbox 1569 1145 1722 1198; x_wconf 88' lang='lat' dir='ltr'>populo</span> <span class='ocrx_word' id='word_1_158' title='bbox 1754 1145 1853 1184; x_wconf 88' lang='lat' dir='ltr'>cele-</span> 
     </span>
     <span class='ocr_line' id='line_1_19' title="bbox 336 1202 1853 1256; baseline -0.003 -12"><span class='ocrx_word' id='word_1_159' title='bbox 336 1205 521 1244; x_wconf 87' lang='lat' dir='ltr'>brandos</span> <span class='ocrx_word' id='word_1_160' title='bbox 543 1203 807 1256; x_wconf 86' lang='lat' dir='ltr'>imperabant</span> <span class='ocrx_word' id='word_1_161' title='bbox 825 1219 832 1242; x_wconf 89' lang='lat'><strong>:</strong></span> <span class='ocrx_word' id='word_1_162' title='bbox 866 1202 1058 1242; x_wconf 79' lang='lat' dir='ltr'>civitates</span> <span class='ocrx_word' id='word_1_163' title='bbox 1079 1207 1233 1247; x_wconf 73' lang='lat' dir='ltr'>autem,</span> <span class='ocrx_word' id='word_1_164' title='bbox 1256 1207 1422 1241; x_wconf 88' lang='lat' dir='ltr'>mutata</span> <span class='ocrx_word' id='word_1_165' title='bbox 1443 1216 1552 1240; x_wconf 87' lang='grc'>1111110</span> <span class='ocrx_word' id='word_1_166' title='bbox 1574 1215 1714 1241; x_wconf 88' lang='lat' dir='ltr'>rerum</span> <span class='ocrx_word' id='word_1_167' title='bbox 1735 1202 1853 1248; x_wconf 75' lang='lat' dir='ltr'>facie,</span> 
     </span>
     <span class='ocr_line' id='line_1_20' title="bbox 336 1257 1856 1312; baseline -0.003 -12"><span class='ocrx_word' id='word_1_168' title='bbox 336 1275 480 1301; x_wconf 87' lang='lat' dir='ltr'>eorum</span> <span class='ocrx_word' id='word_1_169' title='bbox 510 1261 599 1300; x_wconf 93' lang='lat' dir='ltr'>loco</span> <span class='ocrx_word' id='word_1_170' title='bbox 626 1259 857 1300; x_wconf 87' lang='lat' dir='ltr'>certamina</span> <span class='ocrx_word' id='word_1_171' title='bbox 890 1259 959 1299; x_wconf 85' lang='lat' dir='ltr'>illa</span> <span class='ocrx_word' id='word_1_172' title='bbox 990 1258 1142 1312; x_wconf 92' lang='lat' dir='ltr'>populo</span> <span class='ocrx_word' id='word_1_173' title='bbox 1172 1258 1401 1311; x_wconf 85' lang='lat' dir='ltr'>spectanda</span> <span class='ocrx_word' id='word_1_174' title='bbox 1427 1264 1467 1297; x_wconf 89' lang='lat' dir='ltr'>et</span> <span class='ocrx_word' id='word_1_175' title='bbox 1496 1257 1705 1297; x_wconf 83' lang='lat' dir='ltr'>audienda</span> <span class='ocrx_word' id='word_1_176' title='bbox 1735 1272 1856 1311; x_wconf 89' lang='lat' dir='ltr'>para-</span> 
     </span>
     <span class='ocr_line' id='line_1_21' title="bbox 335 1313 1853 1367; baseline -0.003 -10"><span class='ocrx_word' id='word_1_177' title='bbox 335 1318 452 1357; x_wconf 86' lang='lat' dir='ltr'>bant.</span> <span class='ocrx_word' id='word_1_178' title='bbox 518 1316 628 1356; x_wconf 90' lang='lat' dir='ltr'>Hinc</span> <span class='ocrx_word' id='word_1_179' title='bbox 662 1315 815 1356; x_wconf 86' lang='lat' dir='ltr'>certior</span> <span class='ocrx_word' id='word_1_180' title='bbox 850 1315 921 1354; x_wconf 78' lang='lat' dir='ltr'>lux</span> <span class='ocrx_word' id='word_1_181' title='bbox 956 1315 1046 1355; x_wconf 91' lang='lat' dir='ltr'>loco</span> <span class='ocrx_word' id='word_1_182' title='bbox 1082 1314 1196 1354; x_wconf 76' lang='lat' dir='ltr'>varie</span> <span class='ocrx_word' id='word_1_183' title='bbox 1228 1315 1441 1367; x_wconf 70' lang='lat' dir='ltr'>1111c11s‹pie</span> <span class='ocrx_word' id='word_1_184' title='bbox 1478 1318 1644 1354; x_wconf 87' lang='lat' dir='ltr'>tentato</span> <span class='ocrx_word' id='word_1_185' title='bbox 1677 1313 1783 1353; x_wconf 85' lang='lat' dir='ltr'>infra</span> <span class='ocrx_word' id='word_1_186' title='bbox 1815 1329 1853 1367; x_wconf 89' lang='lat' dir='ltr'>p.</span> 
     </span>
     <span class='ocr_line' id='line_1_22' title="bbox 337 1372 770 1427; baseline -0.005 -14"><span class='ocrx_word' id='word_1_187' title='bbox 337 1386 434 1427; x_wconf 72' lang='lat'>532,</span> <span class='ocrx_word' id='word_1_188' title='bbox 459 1388 496 1426; x_wconf 86' lang='lat'>9.</span> <span class='ocrx_word' id='word_1_189' title='bbox 545 1372 770 1412; x_wconf 83' lang='lat' dir='ltr'>BUTTM.</span> 
     </span>
    </p>

    <p class='ocr_par' dir='ltr' id='par_1_3' title="bbox 337 1426 1856 1536">
     <span class='ocr_line' id='line_1_23' title="bbox 395 1426 1856 1483; baseline -0.003 -14"><span class='ocrx_word' id='word_1_190' title='bbox 395 1441 491 1483; x_wconf 67' lang='lat'>531,</span> <span class='ocrx_word' id='word_1_191' title='bbox 517 1431 554 1469; x_wconf 85' lang='lat'>8.</span> <span class='ocrx_word' id='word_1_192' title='bbox 579 1428 839 1482; x_wconf 70' lang='lat' dir='ltr'>Hesychius:</span> <span class='ocrx_word' id='word_1_193' title='bbox 879 1427 1183 1478; x_wconf 80' lang='grc' dir='ltr'>Προστατήριος·</span> <span class='ocrx_word' id='word_1_194' title='bbox 1217 1426 1540 1467; x_wconf 80' lang='grc' dir='ltr'>τὸνἈπόλλωνα</span> <span class='ocrx_word' id='word_1_195' title='bbox 1562 1428 1658 1466; x_wconf 78' lang='grc' dir='ltr'>οὕτω</span> <span class='ocrx_word' id='word_1_196' title='bbox 1680 1426 1856 1478; x_wconf 79' lang='grc' dir='ltr'>λέγουσι,</span> 
     </span>
     <span class='ocr_line' id='line_1_24' title="bbox 337 1483 1535 1536; baseline -0.003 -10"><span class='ocrx_word' id='word_1_197' title='bbox 337 1488 516 1536; x_wconf 86' lang='grc' dir='ltr'>παρόσον</span> <span class='ocrx_word' id='word_1_198' title='bbox 538 1486 610 1535; x_wconf 82' lang='grc' dir='ltr'>πρὸ</span> <span class='ocrx_word' id='word_1_199' title='bbox 633 1489 708 1524; x_wconf 82' lang='grc' dir='ltr'>τῶν</span> <span class='ocrx_word' id='word_1_200' title='bbox 731 1488 856 1536; x_wconf 83' lang='grc' dir='ltr'>θυρῶν</span> <span class='ocrx_word' id='word_1_201' title='bbox 878 1484 995 1524; x_wconf 80' lang='grc' dir='ltr'>αὐτὸν</span> <span class='ocrx_word' id='word_1_202' title='bbox 1017 1485 1265 1535; x_wconf 82' lang='grc' dir='ltr'>ἀφιδρύοντο.</span> <span class='ocrx_word' id='word_1_203' title='bbox 1310 1483 1535 1523; x_wconf 84' lang='lat' dir='ltr'>BUTTM.</span> 
     </span>
    </p>

    <p class='ocr_par' dir='ltr' id='par_1_4' title="bbox 338 1539 1861 2098">
     <span class='ocr_line' id='line_1_25' title="bbox 397 1539 1860 1595; baseline -0.001 -14"><span class='ocrx_word' id='word_1_204' title='bbox 397 1555 492 1595; x_wconf 64' lang='lat'>531„</span> <span class='ocrx_word' id='word_1_205' title='bbox 517 1554 577 1582; x_wconf 78' lang='lat'>12.</span> <span class='ocrx_word' id='word_1_206' title='bbox 610 1542 856 1593; x_wconf 70' lang='grc' dir='ltr'>ἀνίσχοντες,</span> <span class='ocrx_word' id='word_1_207' title='bbox 882 1542 942 1580; x_wconf 80' lang='grc' dir='ltr'>καὶ</span> <span class='ocrx_word' id='word_1_208' title='bbox 971 1541 1251 1593; x_wconf 66' lang='grc' dir='ltr'>μνασιδωρεῖν]</span> <span class='ocrx_word' id='word_1_209' title='bbox 1284 1539 1599 1579; x_wconf 80' lang='lat' dir='ltr'>Nominativum</span> <span class='ocrx_word' id='word_1_210' title='bbox 1627 1539 1860 1591; x_wconf 71' lang='grc' dir='ltr'>ἀνίσχοντες</span> 
     </span>
     <span class='ocr_line' id='line_1_26' title="bbox 338 1595 1857 1652; baseline -0.003 -14"><span class='ocrx_word' id='word_1_211' title='bbox 338 1604 508 1652; x_wconf 89' lang='lat' dir='ltr'>praeter</span> <span class='ocrx_word' id='word_1_212' title='bbox 529 1612 616 1637; x_wconf 82' lang='lat' dir='ltr'>rein</span> <span class='ocrx_word' id='word_1_213' title='bbox 644 1597 686 1636; x_wconf 89' lang='lat' dir='ltr'>in</span> <span class='ocrx_word' id='word_1_214' title='bbox 714 1596 997 1637; x_wconf 85' lang='lat' dir='ltr'>accusativum</span> <span class='ocrx_word' id='word_1_215' title='bbox 1018 1601 1238 1636; x_wconf 84' lang='lat' dir='ltr'>mutarunt</span> <span class='ocrx_word' id='word_1_216' title='bbox 1260 1596 1471 1635; x_wconf 88' lang='lat' dir='ltr'>nonnulli:</span> <span class='ocrx_word' id='word_1_217' title='bbox 1505 1610 1601 1635; x_wconf 90' lang='lat' dir='ltr'>nam</span> <span class='ocrx_word' id='word_1_218' title='bbox 1624 1595 1665 1634; x_wconf 91' lang='lat' dir='ltr'>in</span> <span class='ocrx_word' id='word_1_219' title='bbox 1688 1595 1857 1634; x_wconf 87' lang='lat' dir='ltr'>oraculo</span> 
     </span>
     <span class='ocr_line' id='line_1_27' title="bbox 340 1651 1859 1707; baseline -0.003 -13"><span class='ocrx_word' id='word_1_220' title='bbox 340 1655 450 1694; x_wconf 81' lang='lat' dir='ltr'>Adv.</span> <span class='ocrx_word' id='word_1_221' title='bbox 476 1655 654 1694; x_wconf 86' lang='lat' dir='ltr'>Macart.</span> <span class='ocrx_word' id='word_1_222' title='bbox 681 1669 719 1707; x_wconf 91' lang='lat' dir='ltr'>p.</span> <span class='ocrx_word' id='word_1_223' title='bbox 748 1667 817 1705; x_wconf 82' lang='lat'>107</span> <span class='ocrx_word' id='word_1_224' title='bbox 829 1666 863 1692; x_wconf 77' lang='lat'>2.</span> <span class='ocrx_word' id='word_1_225' title='bbox 892 1654 944 1692; x_wconf 91' lang='lat' dir='ltr'>ob</span> <span class='ocrx_word' id='word_1_226' title='bbox 979 1653 1232 1706; x_wconf 85' lang='lat' dir='ltr'>praecedens</span> <span class='ocrx_word' id='word_1_227' title='bbox 1266 1652 1322 1691; x_wconf 90' lang='lat' dir='ltr'>ibi</span> <span class='ocrx_word' id='word_1_228' title='bbox 1356 1651 1548 1702; x_wconf 82' lang='grc' dir='ltr'>συμφέρει</span> <span class='ocrx_word' id='word_1_229' title='bbox 1578 1651 1859 1691; x_wconf 78' lang='lat' dir='ltr'>nominativus</span> 
     </span>
     <span class='ocr_line' id='line_1_28' title="bbox 341 1707 1860 1758; baseline -0.003 -8"><span class='ocrx_word' id='word_1_230' title='bbox 341 1711 477 1750; x_wconf 91' lang='lat' dir='ltr'>locum</span> <span class='ocrx_word' id='word_1_231' title='bbox 509 1725 590 1750; x_wconf 92' lang='lat' dir='ltr'>non</span> <span class='ocrx_word' id='word_1_232' title='bbox 622 1710 809 1750; x_wconf 85' lang='lat' dir='ltr'>habebat</span> <span class='ocrx_word' id='word_1_233' title='bbox 837 1709 878 1748; x_wconf 92' lang='lat' dir='ltr'>in</span> <span class='ocrx_word' id='word_1_234' title='bbox 908 1709 1087 1749; x_wconf 84' lang='lat' dir='ltr'>formula</span> <span class='ocrx_word' id='word_1_235' title='bbox 1116 1709 1285 1748; x_wconf 88' lang='lat' dir='ltr'>eadem:</span> <span class='ocrx_word' id='word_1_236' title='bbox 1319 1712 1421 1750; x_wconf 84' lang='grc' dir='ltr'>θεοῖς</span> <span class='ocrx_word' id='word_1_237' title='bbox 1443 1709 1646 1758; x_wconf 83' lang='grc' dir='ltr'>ὀλυμπίοις</span> <span class='ocrx_word' id='word_1_238' title='bbox 1667 1707 1860 1747; x_wconf 78' lang='grc' dir='ltr'>πάντεσσι</span> 
     </span>
     <span class='ocr_line' id='line_1_29' title="bbox 343 1766 1861 1816; baseline -0.003 -9"><span class='ocrx_word' id='word_1_239' title='bbox 343 1768 405 1807; x_wconf 81' lang='grc' dir='ltr'>καὶ</span> <span class='ocrx_word' id='word_1_240' title='bbox 431 1767 575 1808; x_wconf 81' lang='grc' dir='ltr'>πάσαις</span> <span class='ocrx_word' id='word_1_241' title='bbox 606 1766 734 1815; x_wconf 75' lang='grc' dir='ltr'>δεξιὰς</span> <span class='ocrx_word' id='word_1_242' title='bbox 767 1767 827 1805; x_wconf 85' lang='grc' dir='ltr'>καὶ</span> <span class='ocrx_word' id='word_1_243' title='bbox 859 1767 1063 1816; x_wconf 82' lang='grc' dir='ltr'>ἀριστερὰς</span> <span class='ocrx_word' id='word_1_244' title='bbox 1091 1766 1328 1816; x_wconf 67' lang='grc' dir='ltr'>ἀνίσχοντας</span> <span class='ocrx_word' id='word_1_245' title='bbox 1357 1768 1618 1815; x_wconf 81' lang='grc' dir='ltr'>μνασιδωρεῖν</span> <span class='ocrx_word' id='word_1_246' title='bbox 1641 1766 1758 1803; x_wconf 79' lang='grc' dir='ltr'>καττὰ</span> <span class='ocrx_word' id='word_1_247' title='bbox 1789 1781 1861 1803; x_wconf 86' lang='grc' dir='ltr'>πα-</span> 
     </span>
     <span class='ocr_line' id='line_1_30' title="bbox 342 1819 1861 1877; baseline -0.002 -15"><span class='ocrx_word' id='word_1_248' title='bbox 342 1825 445 1877; x_wconf 73' lang='grc' dir='ltr'>τρῷα</span> <span class='ocrx_word' id='word_1_249' title='bbox 471 1823 561 1877; x_wconf 78' lang='lat' dir='ltr'>(leg.</span> <span class='ocrx_word' id='word_1_250' title='bbox 584 1823 725 1873; x_wconf 84' lang='grc' dir='ltr'>πάτρια</span> <span class='ocrx_word' id='word_1_251' title='bbox 753 1827 799 1862; x_wconf 90' lang='lat' dir='ltr'>ut</span> <span class='ocrx_word' id='word_1_252' title='bbox 829 1822 870 1861; x_wconf 92' lang='lat' dir='ltr'>in</span> <span class='ocrx_word' id='word_1_253' title='bbox 901 1821 1177 1875; x_wconf 79' lang='lat' dir='ltr'>praecedente</span> <span class='ocrx_word' id='word_1_254' title='bbox 1208 1821 1263 1860; x_wconf 91' lang='lat' dir='ltr'>ibi</span> <span class='ocrx_word' id='word_1_255' title='bbox 1292 1821 1524 1872; x_wconf 87' lang='lat' dir='ltr'>membro):</span> <span class='ocrx_word' id='word_1_256' title='bbox 1559 1834 1663 1873; x_wconf 87' lang='lat' dir='ltr'>quae</span> <span class='ocrx_word' id='word_1_257' title='bbox 1696 1819 1861 1874; x_wconf 81' lang='lat' dir='ltr'>integra</span> 
     </span>
     <span class='ocr_line' id='line_1_31' title="bbox 342 1876 1860 1933; baseline -0.003 -14"><span class='ocrx_word' id='word_1_258' title='bbox 342 1879 408 1919; x_wconf 91' lang='lat' dir='ltr'>hic</span> <span class='ocrx_word' id='word_1_259' title='bbox 434 1879 552 1933; x_wconf 90' lang='lat' dir='ltr'>posui</span> <span class='ocrx_word' id='word_1_260' title='bbox 581 1884 629 1918; x_wconf 90' lang='lat' dir='ltr'>ut</span> <span class='ocrx_word' id='word_1_261' title='bbox 656 1884 879 1932; x_wconf 84' lang='lat' dir='ltr'>appareret</span> <span class='ocrx_word' id='word_1_262' title='bbox 906 1878 999 1931; x_wconf 87' lang='lat' dir='ltr'>jure</span> <span class='ocrx_word' id='word_1_263' title='bbox 1026 1892 1093 1917; x_wconf 87' lang='lat' dir='ltr'>me</span> <span class='ocrx_word' id='word_1_264' title='bbox 1121 1877 1290 1930; x_wconf 85' lang='lat' dir='ltr'>ejecisse</span> <span class='ocrx_word' id='word_1_265' title='bbox 1319 1877 1360 1916; x_wconf 90' lang='lat' dir='ltr'>in</span> <span class='ocrx_word' id='word_1_266' title='bbox 1386 1882 1531 1916; x_wconf 88' lang='lat' dir='ltr'>nostro</span> <span class='ocrx_word' id='word_1_267' title='bbox 1557 1876 1647 1916; x_wconf 91' lang='lat' dir='ltr'>loco</span> <span class='ocrx_word' id='word_1_268' title='bbox 1674 1877 1736 1915; x_wconf 88' lang='grc' dir='ltr'>καὶ</span> <span class='ocrx_word' id='word_1_269' title='bbox 1760 1880 1860 1915; x_wconf 87' lang='lat' dir='ltr'>ante</span> 
     </span>
     <span class='ocr_line' id='line_1_32' title="bbox 342 1932 1861 1988; baseline -0.004 -12"><span class='ocrx_word' id='word_1_270' title='bbox 342 1939 616 1986; x_wconf 84' lang='grc' dir='ltr'>μνασιδωρεῖν,</span> <span class='ocrx_word' id='word_1_271' title='bbox 641 1950 723 1988; x_wconf 87' lang='lat' dir='ltr'>quo</span> <span class='ocrx_word' id='word_1_272' title='bbox 745 1940 912 1974; x_wconf 82' lang='lat' dir='ltr'>servato</span> <span class='ocrx_word' id='word_1_273' title='bbox 940 1933 1208 1988; x_wconf 83' lang='lat' dir='ltr'>participium</span> <span class='ocrx_word' id='word_1_274' title='bbox 1231 1935 1461 1985; x_wconf 85' lang='grc' dir='ltr'>ἀνίσχοντες</span> <span class='ocrx_word' id='word_1_275' title='bbox 1481 1932 1662 1973; x_wconf 86' lang='lat' dir='ltr'>absurde</span> <span class='ocrx_word' id='word_1_276' title='bbox 1682 1932 1861 1971; x_wconf 88' lang='lat' dir='ltr'>referen-</span> 
     </span>
     <span class='ocr_line' id='line_1_33' title="bbox 344 1988 1859 2044; baseline -0.003 -13"><span class='ocrx_word' id='word_1_277' title='bbox 344 1992 442 2031; x_wconf 91' lang='lat' dir='ltr'>dum</span> <span class='ocrx_word' id='word_1_278' title='bbox 461 1997 552 2032; x_wconf 83' lang='lat' dir='ltr'>erat</span> <span class='ocrx_word' id='word_1_279' title='bbox 569 1992 621 2031; x_wconf 89' lang='lat' dir='ltr'>ad</span> <span class='ocrx_word' id='word_1_280' title='bbox 640 1991 854 2044; x_wconf 88' lang='lat' dir='ltr'>superiora</span> <span class='ocrx_word' id='word_1_281' title='bbox 871 1991 1010 2043; x_wconf 81' lang='grc' dir='ltr'>χοροὺς</span> <span class='ocrx_word' id='word_1_282' title='bbox 1027 1990 1187 2039; x_wconf 81' lang='grc' dir='ltr'>ἱστάμεν</span> <span class='ocrx_word' id='word_1_283' title='bbox 1202 1991 1263 2029; x_wconf 87' lang='grc' dir='ltr'>καὶ</span> <span class='ocrx_word' id='word_1_284' title='bbox 1278 1993 1609 2039; x_wconf 78' lang='grc' dir='ltr'>στεφανηφορεῖν.</span> <span class='ocrx_word' id='word_1_285' title='bbox 1633 1988 1859 2027; x_wconf 89' lang='lat' dir='ltr'>BUTTM.</span> 
     </span>
     <span class='ocr_line' id='line_1_34' title="bbox 345 2045 1566 2098; baseline -0.002 -11"><span class='ocrx_word' id='word_1_286' title='bbox 345 2047 619 2088; x_wconf 79' lang='lat' dir='ltr'>Scribendum</span> <span class='ocrx_word' id='word_1_287' title='bbox 642 2049 874 2098; x_wconf 74' lang='grc' dir='ltr'>ἀνίσχοντες</span> <span class='ocrx_word' id='word_1_288' title='bbox 894 2050 1156 2096; x_wconf 81' lang='grc' dir='ltr'>μνασιδωρεῖν</span> <span class='ocrx_word' id='word_1_289' title='bbox 1178 2060 1271 2085; x_wconf 90' lang='lat' dir='ltr'>cum</span> <span class='ocrx_word' id='word_1_290' title='bbox 1293 2045 1566 2085; x_wconf 85' lang='lat' dir='ltr'>Buttmanno.</span> 
     </span>
    </p>

    <p class='ocr_par' dir='ltr' id='par_1_5' title="bbox 343 2100 1862 2550">
     <span class='ocr_line' id='line_1_35' title="bbox 400 2100 1861 2157; baseline -0.003 -14"><span class='ocrx_word' id='word_1_291' title='bbox 400 2105 712 2157; x_wconf 70' lang='lat'>531,16.—22.</span> <span class='ocrx_word' id='word_1_292' title='bbox 746 2103 809 2142; x_wconf 89' lang='lat' dir='ltr'>De</span> <span class='ocrx_word' id='word_1_293' title='bbox 843 2103 1076 2141; x_wconf 87' lang='lat' dir='ltr'>Dodonaeo</span> <span class='ocrx_word' id='word_1_294' title='bbox 1112 2102 1190 2141; x_wconf 91' lang='grc'>1100</span> <span class='ocrx_word' id='word_1_295' title='bbox 1226 2101 1396 2141; x_wconf 88' lang='lat' dir='ltr'>oraculo</span> <span class='ocrx_word' id='word_1_296' title='bbox 1429 2115 1645 2141; x_wconf 87' lang='lat' dir='ltr'>monemus</span> <span class='ocrx_word' id='word_1_297' title='bbox 1681 2100 1861 2154; x_wconf 86' lang='lat' dir='ltr'>primum</span> 
     </span>
     <span class='ocr_line' id='line_1_36' title="bbox 344 2156 1861 2211; baseline -0.003 -12"><span class='ocrx_word' id='word_1_298' title='bbox 344 2160 413 2199; x_wconf 82' lang='grc' dir='ltr'>τὸν</span> <span class='ocrx_word' id='word_1_299' title='bbox 440 2163 506 2198; x_wconf 84' lang='grc' dir='ltr'>τοῦ</span> <span class='ocrx_word' id='word_1_300' title='bbox 536 2160 632 2200; x_wconf 83' lang='grc' dir='ltr'>Διὸς</span> <span class='ocrx_word' id='word_1_301' title='bbox 663 2173 751 2198; x_wconf 69' lang='lat' dir='ltr'>esse</span> <span class='ocrx_word' id='word_1_302' title='bbox 782 2158 1018 2197; x_wconf 85' lang='lat' dir='ltr'>antistitem</span> <span class='ocrx_word' id='word_1_303' title='bbox 1050 2157 1192 2210; x_wconf 86' lang='lat' dir='ltr'>templi</span> <span class='ocrx_word' id='word_1_304' title='bbox 1227 2157 1446 2197; x_wconf 88' lang='lat' dir='ltr'>Dodonaei</span> <span class='ocrx_word' id='word_1_305' title='bbox 1475 2157 1543 2211; x_wconf 81' lang='lat' dir='ltr'>qui</span> <span class='ocrx_word' id='word_1_306' title='bbox 1576 2157 1722 2197; x_wconf 86' lang='lat' dir='ltr'>eximie</span> <span class='ocrx_word' id='word_1_307' title='bbox 1754 2156 1861 2196; x_wconf 89' lang='lat' dir='ltr'>dice-</span> 
     </span>
     <span class='ocr_line' id='line_1_37' title="bbox 343 2213 1860 2266; baseline -0.003 -11"><span class='ocrx_word' id='word_1_308' title='bbox 343 2216 470 2255; x_wconf 88' lang='lat' dir='ltr'>batur</span> <span class='ocrx_word' id='word_1_309' title='bbox 505 2217 524 2254; x_wconf 91' lang='grc' dir='ltr'>ὁ</span> <span class='ocrx_word' id='word_1_310' title='bbox 560 2215 760 2266; x_wconf 86' lang='grc' dir='ltr'>προφήτης</span> <span class='ocrx_word' id='word_1_311' title='bbox 791 2214 891 2265; x_wconf 78' lang='lat' dir='ltr'>(vid.</span> <span class='ocrx_word' id='word_1_312' title='bbox 911 2214 1058 2253; x_wconf 74' lang='lat' dir='ltr'>Valck.</span> <span class='ocrx_word' id='word_1_313' title='bbox 1087 2214 1141 2253; x_wconf 87' lang='lat' dir='ltr'>ad</span> <span class='ocrx_word' id='word_1_314' title='bbox 1178 2213 1382 2253; x_wconf 84' lang='lat' dir='ltr'>Herodot.</span> <span class='ocrx_word' id='word_1_315' title='bbox 1414 2225 1452 2265; x_wconf 82' lang='lat'>7,</span> <span class='ocrx_word' id='word_1_316' title='bbox 1479 2227 1565 2253; x_wconf 86' lang='grc'>111.</span> <span class='ocrx_word' id='word_1_317' title='bbox 1601 2220 1643 2253; x_wconf 84' lang='lat' dir='ltr'>et</span> <span class='ocrx_word' id='word_1_318' title='bbox 1674 2214 1722 2252; x_wconf 89' lang='lat' dir='ltr'>cf.</span> <span class='ocrx_word' id='word_1_319' title='bbox 1747 2213 1860 2253; x_wconf 89' lang='lat' dir='ltr'>Plat.</span> 
     </span>
     <span class='ocr_line' id='line_1_38' title="bbox 346 2269 1861 2324; baseline -0.002 -13"><span class='ocrx_word' id='word_1_320' title='bbox 346 2272 482 2311; x_wconf 87' lang='lat' dir='ltr'>Alcib.</span> <span class='ocrx_word' id='word_1_321' title='bbox 509 2284 544 2311; x_wconf 84' lang='lat'>2.</span> <span class='ocrx_word' id='word_1_322' title='bbox 567 2286 605 2324; x_wconf 91' lang='lat' dir='ltr'>p.</span> <span class='ocrx_word' id='word_1_323' title='bbox 631 2284 717 2322; x_wconf 79' lang='lat'>149.</span> <span class='ocrx_word' id='word_1_324' title='bbox 742 2271 782 2309; x_wconf 76' lang='lat' dir='ltr'>b.</span> <span class='ocrx_word' id='word_1_325' title='bbox 806 2270 856 2309; x_wconf 89' lang='lat' dir='ltr'>de</span> <span class='ocrx_word' id='word_1_326' title='bbox 887 2270 1096 2323; x_wconf 88' lang='lat' dir='ltr'>propheta</span> <span class='ocrx_word' id='word_1_327' title='bbox 1129 2269 1393 2321; x_wconf 82' lang='lat' dir='ltr'>Ammonis):</span> <span class='ocrx_word' id='word_1_328' title='bbox 1438 2276 1527 2309; x_wconf 86' lang='lat' dir='ltr'>tum</span> <span class='ocrx_word' id='word_1_329' title='bbox 1559 2270 1685 2309; x_wconf 88' lang='lat' dir='ltr'>hocce</span> <span class='ocrx_word' id='word_1_330' title='bbox 1716 2284 1861 2309; x_wconf 88' lang='lat' dir='ltr'>oracu-</span> 
     </span>
     <span class='ocr_line' id='line_1_39' title="bbox 345 2325 1861 2380; baseline -0.001 -13"><span class='ocrx_word' id='word_1_331' title='bbox 345 2328 430 2367; x_wconf 90' lang='lat' dir='ltr'>lum</span> <span class='ocrx_word' id='word_1_332' title='bbox 452 2328 547 2367; x_wconf 87' lang='lat' dir='ltr'>hinc</span> <span class='ocrx_word' id='word_1_333' title='bbox 570 2341 739 2380; x_wconf 86' lang='lat' dir='ltr'>prorsus</span> <span class='ocrx_word' id='word_1_334' title='bbox 761 2326 941 2366; x_wconf 87' lang='lat' dir='ltr'>alienum</span> <span class='ocrx_word' id='word_1_335' title='bbox 963 2340 1066 2366; x_wconf 84' lang='lat' dir='ltr'>esse.</span> <span class='ocrx_word' id='word_1_336' title='bbox 1119 2325 1231 2364; x_wconf 81' lang='lat' dir='ltr'>Nihil</span> <span class='ocrx_word' id='word_1_337' title='bbox 1254 2326 1363 2365; x_wconf 88' lang='lat' dir='ltr'>enim</span> <span class='ocrx_word' id='word_1_338' title='bbox 1385 2340 1527 2365; x_wconf 88' lang='lat' dir='ltr'>eorum</span> <span class='ocrx_word' id='word_1_339' title='bbox 1549 2326 1735 2366; x_wconf 86' lang='lat' dir='ltr'>continet</span> <span class='ocrx_word' id='word_1_340' title='bbox 1753 2340 1861 2379; x_wconf 84' lang='lat' dir='ltr'>quae</span> 
     </span>
     <span class='ocr_line' id='line_1_40' title="bbox 346 2381 1862 2438; baseline -0.001 -15"><span class='ocrx_word' id='word_1_341' title='bbox 346 2399 471 2438; x_wconf 86' lang='lat' dir='ltr'>supra</span> <span class='ocrx_word' id='word_1_342' title='bbox 492 2384 751 2423; x_wconf 82' lang='lat' dir='ltr'>indicaverat</span> <span class='ocrx_word' id='word_1_343' title='bbox 769 2382 1087 2422; x_wconf 86' lang='lat' dir='ltr'>Demosthenes.</span> <span class='ocrx_word' id='word_1_344' title='bbox 1131 2382 1196 2422; x_wconf 86' lang='lat' dir='ltr'>Ut</span> <span class='ocrx_word' id='word_1_345' title='bbox 1212 2381 1432 2421; x_wconf 83' lang='lat' dir='ltr'>videantur</span> <span class='ocrx_word' id='word_1_346' title='bbox 1447 2382 1702 2436; x_wconf 86' lang='lat' dir='ltr'>antiquiores</span> <span class='ocrx_word' id='word_1_347' title='bbox 1723 2382 1862 2421; x_wconf 89' lang='lat' dir='ltr'>nescio</span> 
     </span>
     <span class='ocr_line' id='line_1_41' title="bbox 347 2438 1861 2494; baseline -0.001 -14"><span class='ocrx_word' id='word_1_348' title='bbox 347 2441 416 2494; x_wconf 86' lang='lat' dir='ltr'>qui</span> <span class='ocrx_word' id='word_1_349' title='bbox 451 2440 627 2480; x_wconf 86' lang='lat' dir='ltr'>litterati</span> <span class='ocrx_word' id='word_1_350' title='bbox 663 2439 849 2479; x_wconf 87' lang='lat' dir='ltr'>homines</span> <span class='ocrx_word' id='word_1_351' title='bbox 883 2438 1122 2492; x_wconf 86' lang='lat' dir='ltr'>appinxisse</span> <span class='ocrx_word' id='word_1_352' title='bbox 1158 2438 1223 2478; x_wconf 90' lang='lat' dir='ltr'>hic</span> <span class='ocrx_word' id='word_1_353' title='bbox 1256 2438 1451 2492; x_wconf 85' lang='lat' dir='ltr'>quicquid</span> <span class='ocrx_word' id='word_1_354' title='bbox 1484 2439 1537 2479; x_wconf 87' lang='lat' dir='ltr'>ad</span> <span class='ocrx_word' id='word_1_355' title='bbox 1570 2453 1718 2478; x_wconf 85' lang='lat' dir='ltr'>manus</span> <span class='ocrx_word' id='word_1_356' title='bbox 1751 2443 1861 2478; x_wconf 84' lang='lat' dir='ltr'>esset</span> 
     </span>
     <span class='ocr_line' id='line_1_42' title="bbox 348 2495 1149 2550; baseline -0.002 -14"><span class='ocrx_word' id='word_1_357' title='bbox 348 2496 549 2550; x_wconf 84' lang='lat' dir='ltr'>ejusmodi</span> <span class='ocrx_word' id='word_1_358' title='bbox 573 2509 879 2549; x_wconf 82' lang='lat' dir='ltr'>responsorum.</span> <span class='ocrx_word' id='word_1_359' title='bbox 924 2495 1149 2534; x_wconf 87' lang='lat' dir='ltr'>BUTTM.</span> 
     </span>
    </p>

    <p class='ocr_par' dir='ltr' id='par_1_6' title="bbox 347 2549 1864 2717">
     <span class='ocr_line' id='line_1_43' title="bbox 405 2549 1862 2606; baseline -0.002 -15"><span class='ocrx_word' id='word_1_360' title='bbox 405 2566 456 2606; x_wconf 79' lang='lat'>53</span> <span class='ocrx_word' id='word_1_361' title='bbox 472 2566 501 2600; x_wconf 67' lang='lat'>17</span> <span class='ocrx_word' id='word_1_362' title='bbox 522 2554 583 2592; x_wconf 87' lang='lat'>16.</span> <span class='ocrx_word' id='word_1_363' title='bbox 607 2551 889 2605; x_wconf 84' lang='grc' dir='ltr'>παρηνέγκατε]</span> <span class='ocrx_word' id='word_1_364' title='bbox 922 2551 1156 2591; x_wconf 67' lang='lat' dir='ltr'>Praeterire</span> <span class='ocrx_word' id='word_1_365' title='bbox 1176 2550 1324 2590; x_wconf 47' lang='lat' dir='ltr'>sitistis</span> <span class='ocrx_word' id='word_1_366' title='bbox 1340 2550 1481 2590; x_wconf 86' lang='lat' dir='ltr'>Reisk.</span> <span class='ocrx_word' id='word_1_367' title='bbox 1500 2550 1542 2590; x_wconf 90' lang='lat' dir='ltr'>in</span> <span class='ocrx_word' id='word_1_368' title='bbox 1560 2550 1715 2590; x_wconf 86' lang='lat' dir='ltr'>Indice.</span> <span class='ocrx_word' id='word_1_369' title='bbox 1766 2549 1862 2588; x_wconf 92' lang='lat' dir='ltr'>Plu-</span> 
     </span>
     <span class='ocr_line' id='line_1_44' title="bbox 347 2606 1864 2661; baseline -0.003 -12"><span class='ocrx_word' id='word_1_370' title='bbox 347 2609 520 2649; x_wconf 88' lang='lat' dir='ltr'>tarchus</span> <span class='ocrx_word' id='word_1_371' title='bbox 543 2608 598 2647; x_wconf 76' lang='lat' dir='ltr'>V.</span> <span class='ocrx_word' id='word_1_372' title='bbox 621 2607 746 2647; x_wconf 84' lang='lat' dir='ltr'>Arati</span> <span class='ocrx_word' id='word_1_373' title='bbox 768 2622 801 2647; x_wconf 92' lang='grc'>0.</span> <span class='ocrx_word' id='word_1_374' title='bbox 825 2620 896 2661; x_wconf 83' lang='lat'>43.</span> <span class='ocrx_word' id='word_1_375' title='bbox 923 2622 949 2647; x_wconf 85' lang='lat' dir='ltr'>a</span> <span class='ocrx_word' id='word_1_376' title='bbox 979 2607 1241 2647; x_wconf 88' lang='lat' dir='ltr'>Buttmanno</span> <span class='ocrx_word' id='word_1_377' title='bbox 1273 2612 1539 2660; x_wconf 82' lang='lat' dir='ltr'>comparat-us</span> <span class='ocrx_word' id='word_1_378' title='bbox 1570 2608 1657 2646; x_wconf 87' lang='grc' dir='ltr'>τότε</span> <span class='ocrx_word' id='word_1_379' title='bbox 1690 2607 1764 2656; x_wconf 82' lang='grc' dir='ltr'>μὲν</span> <span class='ocrx_word' id='word_1_380' title='bbox 1794 2606 1864 2645; x_wconf 72' lang='grc' dir='ltr'>οὖν</span> 
     </span>
     <span class='ocr_line' id='line_1_45' title="bbox 349 2663 1294 2717; baseline -0.004 -12"><span class='ocrx_word' id='word_1_381' title='bbox 349 2665 567 2716; x_wconf 80' lang='grc' dir='ltr'>παρήνεγκε</span> <span class='ocrx_word' id='word_1_382' title='bbox 589 2665 632 2704; x_wconf 88' lang='grc' dir='ltr'>τὸ</span> <span class='ocrx_word' id='word_1_383' title='bbox 651 2664 781 2715; x_wconf 84' lang='grc' dir='ltr'>ῥήθεν.</span> <span class='ocrx_word' id='word_1_384' title='bbox 811 2664 1044 2717; x_wconf 52' lang='lat' dir='ltr'>floccifecit</span> <span class='ocrx_word' id='word_1_385' title='bbox 1067 2663 1294 2717; x_wconf 82' lang='lat' dir='ltr'>Interpres.</span> 
     </span>
    </p>

    <p class='ocr_par' dir='ltr' id='par_1_7' title="bbox 349 2717 1864 2984">
     <span class='ocr_line' id='line_1_46' title="bbox 405 2717 1864 2774; baseline -0.002 -15"><span class='ocrx_word' id='word_1_386' title='bbox 405 2734 457 2774; x_wconf 80' lang='lat'>53</span> <span class='ocrx_word' id='word_1_387' title='bbox 472 2734 500 2767; x_wconf 76' lang='grc'>1,</span> <span class='ocrx_word' id='word_1_388' title='bbox 522 2721 583 2760; x_wconf 77' lang='grc'>18.</span> <span class='ocrx_word' id='word_1_389' title='bbox 608 2721 668 2759; x_wconf 87' lang='grc' dir='ltr'>καὶ</span> <span class='ocrx_word' id='word_1_390' title='bbox 689 2720 865 2772; x_wconf 76' lang='grc' dir='ltr'>τούτους]</span> <span class='ocrx_word' id='word_1_391' title='bbox 895 2719 1172 2760; x_wconf 85' lang='lat' dir='ltr'>Desideratur</span> <span class='ocrx_word' id='word_1_392' title='bbox 1193 2719 1421 2758; x_wconf 82' lang='lat' dir='ltr'>infinitivus</span> <span class='ocrx_word' id='word_1_393' title='bbox 1442 2724 1541 2758; x_wconf 88' lang='lat' dir='ltr'>ante</span> <span class='ocrx_word' id='word_1_394' title='bbox 1557 2721 1609 2771; x_wconf 77' lang='grc' dir='ltr'>τῷ</span> <span class='ocrx_word' id='word_1_395' title='bbox 1631 2718 1709 2757; x_wconf 87' lang='grc' dir='ltr'>Διί.</span> <span class='ocrx_word' id='word_1_396' title='bbox 1755 2717 1864 2757; x_wconf 88' lang='lat' dir='ltr'>Sunt</span> 
     </span>
     <span class='ocr_line' id='line_1_47' title="bbox 349 2774 1864 2831; baseline -0.003 -15"><span class='ocrx_word' id='word_1_397' title='bbox 349 2777 417 2831; x_wconf 88' lang='lat' dir='ltr'>qui</span> <span class='ocrx_word' id='word_1_398' title='bbox 454 2777 687 2829; x_wconf 86' lang='lat' dir='ltr'>subjectum</span> <span class='ocrx_word' id='word_1_399' title='bbox 720 2775 877 2816; x_wconf 82' lang='lat' dir='ltr'>faciant</span> <span class='ocrx_word' id='word_1_400' title='bbox 910 2776 1086 2826; x_wconf 82' lang='grc' dir='ltr'>θεωροὺς,</span> <span class='ocrx_word' id='word_1_401' title='bbox 1120 2775 1286 2825; x_wconf 84' lang='grc' dir='ltr'>πέμπειν</span> <span class='ocrx_word' id='word_1_402' title='bbox 1314 2775 1367 2814; x_wconf 85' lang='lat' dir='ltr'>ad</span> <span class='ocrx_word' id='word_1_403' title='bbox 1403 2775 1528 2814; x_wconf 84' lang='lat' dir='ltr'>boves</span> <span class='ocrx_word' id='word_1_404' title='bbox 1563 2774 1787 2827; x_wconf 72' lang='lat' dir='ltr'>pertinere,</span> <span class='ocrx_word' id='word_1_405' title='bbox 1820 2778 1864 2813; x_wconf 86' lang='lat' dir='ltr'>et</span> 
     </span>
     <span class='ocr_line' id='line_1_48' title="bbox 351 2830 1863 2884; baseline -0.003 -12"><span class='ocrx_word' id='word_1_406' title='bbox 351 2834 476 2872; x_wconf 85' lang='lat' dir='ltr'>verba</span> <span class='ocrx_word' id='word_1_407' title='bbox 499 2833 559 2872; x_wconf 82' lang='grc' dir='ltr'>καὶ</span> <span class='ocrx_word' id='word_1_408' title='bbox 580 2833 736 2873; x_wconf 83' lang='grc' dir='ltr'>τούτους</span> <span class='ocrx_word' id='word_1_409' title='bbox 758 2834 819 2871; x_wconf 81' lang='grc' dir='ltr'>διὰ</span> <span class='ocrx_word' id='word_1_410' title='bbox 840 2832 993 2884; x_wconf 88' lang='grc' dir='ltr'>ταχέων</span> <span class='ocrx_word' id='word_1_411' title='bbox 1013 2845 1088 2884; x_wconf 89' lang='lat' dir='ltr'>per</span> <span class='ocrx_word' id='word_1_412' title='bbox 1108 2830 1378 2883; x_wconf 87' lang='lat' dir='ltr'>parenthesin</span> <span class='ocrx_word' id='word_1_413' title='bbox 1395 2830 1508 2870; x_wconf 85' lang='lat' dir='ltr'>dicta</span> <span class='ocrx_word' id='word_1_414' title='bbox 1528 2831 1715 2870; x_wconf 89' lang='lat' dir='ltr'>credant.</span> <span class='ocrx_word' id='word_1_415' title='bbox 1763 2830 1863 2869; x_wconf 86' lang='lat' dir='ltr'>Per-</span> 
     </span>
     <span class='ocr_line' id='line_1_49' title="bbox 349 2885 1861 2942; baseline -0.001 -15"><span class='ocrx_word' id='word_1_416' title='bbox 349 2903 515 2942; x_wconf 79' lang='lat' dir='ltr'>per-am:</span> <span class='ocrx_word' id='word_1_417' title='bbox 549 2889 686 2938; x_wconf 87' lang='grc' dir='ltr'>θεωροὶ</span> <span class='ocrx_word' id='word_1_418' title='bbox 713 2887 822 2927; x_wconf 88' lang='lat' dir='ltr'>enim</span> <span class='ocrx_word' id='word_1_419' title='bbox 856 2902 939 2927; x_wconf 86' lang='lat' dir='ltr'>non</span> <span class='ocrx_word' id='word_1_420' title='bbox 973 2887 1161 2930; x_wconf 79' lang='lat' dir='ltr'>mittunt,</span> <span class='ocrx_word' id='word_1_421' title='bbox 1193 2886 1265 2925; x_wconf 87' lang='lat' dir='ltr'>sed</span> <span class='ocrx_word' id='word_1_422' title='bbox 1298 2900 1437 2925; x_wconf 84' lang='lat' dir='ltr'>secum</span> <span class='ocrx_word' id='word_1_423' title='bbox 1468 2887 1627 2926; x_wconf 88' lang='lat' dir='ltr'>ducunt</span> <span class='ocrx_word' id='word_1_424' title='bbox 1657 2885 1861 2926; x_wconf 78' lang='lat' dir='ltr'>victimas.</span> 
     </span>
     <span class='ocr_line' id='line_1_50' title="bbox 352 2942 1863 2984; baseline -0.002 0"><span class='ocrx_word' id='word_1_425' title='bbox 352 2945 435 2984; x_wconf 87' lang='lat' dir='ltr'>Alii</span> <span class='ocrx_word' id='word_1_426' title='bbox 470 2944 656 2983; x_wconf 84' lang='lat' dir='ltr'>inserunt</span> <span class='ocrx_word' id='word_1_427' title='bbox 689 2944 805 2982; x_wconf 86' lang='grc' dir='ltr'>θύειν.</span> <span class='ocrx_word' id='word_1_428' title='bbox 870 2942 976 2983; x_wconf 86' lang='lat' dir='ltr'>Mihi</span> <span class='ocrx_word' id='word_1_429' title='bbox 1007 2947 1100 2983; x_wconf 89' lang='lat' dir='ltr'>tota</span> <span class='ocrx_word' id='word_1_430' title='bbox 1133 2942 1200 2982; x_wconf 88' lang='lat' dir='ltr'>illa</span> <span class='ocrx_word' id='word_1_431' title='bbox 1230 2942 1487 2982; x_wconf 88' lang='lat' dir='ltr'>admonitio:</span> <span class='ocrx_word' id='word_1_432' title='bbox 1525 2943 1585 2983; x_wconf 84' lang='grc' dir='ltr'>καὶ</span> <span class='ocrx_word' id='word_1_433' title='bbox 1612 2943 1771 2984; x_wconf 88' lang='grc' dir='ltr'>τούτους</span> <span class='ocrx_word' id='word_1_434' title='bbox 1801 2944 1863 2981; x_wconf 73' lang='grc' dir='ltr'>διὰ</span> 
     </span>
    </p>
   </div>
  </div>
 </body>
</html>
