1997 3256
284 129 368 169 874
629 128 952 171 ADVERSUS
986 130 1448 172 ANDROTIONEM.

340 234 435 283 617,
457 245 497 282 4.
522 232 572 285 τῷ
595 232 751 284 πλήθει]
779 232 1022 287 chendum
1044 234 1208 274 videtur
1232 236 1283 289 τῷ
1311 237 1465 287 μεγέθει
1487 237 1548 276 vel
1576 237 1628 290 τῷ
1657 238 1797 287 πλήθει

282 286 304 336 ἢ
331 288 502 339 μεγέθει.
577 288 714 328 Aliter
751 289 859 329 enim
896 289 1005 343 perit-
1044 290 1176 329 omnis
1216 290 1276 330 vis
1316 292 1564 346 argumenti.
1595 293 1625 333 J
1631 293 1781 333 URIN
1788 328 1794 334 .

285 342 525 382 Videndum
545 357 597 383 ne
624 348 771 394 πλῆθος
795 345 835 385 h.
861 345 886 384 1.
911 350 955 385 et
975 360 1015 398 p.
1043 357 1136 398 757,
1164 359 1226 400 15.
1260 347 1311 386 (10
1333 348 1572 400 quant-itate
1600 349 1798 390 continua

282 398 597 453 intelligendum
618 400 686 440 sit.
711 400 764 440 V.
784 401 841 441 H.
868 401 1070 454 Stephani
1105 402 1312 443 Thesaur.
1344 408 1386 444 et
1418 404 1796 459 Schweighaeuseri

285 454 424 494 Lexic.
452 454 658 496 Herodot.
683 471 714 496 s.
739 457 780 496 h.
803 471 840 496 v.
876 456 1130 498 SCHAEF.

340 512 434 562 617,
457 522 496 564 5.
535 513 847 565 προσετρίψατο]
891 512 1008 553 Citat
1047 514 1156 553 1111110
1197 514 1331 554 10011111
1373 515 1560 556 Thomas
1603 517 1719 571 Mag.
1758 532 1793 558 v.

283 568 580 618 Προστρίβομαι
601 583 641 622 p.
666 580 760 622 755.
794 568 989 609 REISK.

339 624 434 674 617,
462 635 525 663 12.
548 624 726 676 χρήματα
749 643 782 664 κ.
800 642 833 664 τ.
849 627 905 676 λ]
932 625 1127 679 Explicat
1151 625 1333 666 Boeckh.
1359 626 1513 667 Oecon.
1540 628 1698 669 Athen.
1716 629 1793 669 vol.

282 691 318 720 2.
344 693 384 731 p.
409 691 457 731 19
475 679 563 719 0011.
594 693 625 720 1.
648 695 686 734 p.
705 682 787 734 465
806 695 897 734 sqq.
920 686 961 721 et
981 682 1111 722 Wolf.
1137 682 1301 736 Proleg.
1324 682 1366 722 in
1390 682 1555 736 Leptin.
1579 699 1618 738 p.
1634 696 1688 738 59
1706 700 1795 739 sqq.

282 733 364 774 Sed
396 735 754 785 considerandum,
787 744 998 778 oratorem
1029 739 1164 778 dicere
1199 738 1276 778 1100
1307 738 1397 778 1000
1428 741 1522 779 ποτὲ
1552 742 1673 793 σχὼν,
1703 755 1797 781 011111

279 790 390 838 alibi,
426 795 473 831 ut
505 791 576 832 Or.
609 793 659 832 de
693 807 887 846 spnmor.
923 809 964 847 p.
993 796 1039 833 18
1044 805 1099 849 5.,
1137 795 1188 834 de
1222 795 1434 848 praesenti
1468 795 1648 837 civitatis
1681 802 1795 838 statu

279 846 488 900 loquatur.
525 848 710 888 FUNK.

338 904 432 954 617,
470 904 530 942 18.
563 906 787 954 προπύλαια
817 907 953 957 ταῦτα]
994 905 1113 947 Citat
1147 906 1462 960 Harpocration
1490 922 1525 948 v.
1561 909 1797 960 Προπύλαια

279 961 412 998 ταῦτα.
446 959 644 1000 REISK.

335 1016 433 1066 617,
457 1028 522 1055 20.
543 1018 741 1068 χρυσίδες]
770 1017 927 1057 Locum
949 1018 1058 1058 hunc
1080 1018 1184 1059 citat
1206 1019 1315 1059 idem
1336 1019 1376 1058 h.
1399 1034 1435 1059 v.
1469 1019 1663 1061 REISK.

336 1072 429 1121 617,
456 1083 520 1111 22.
544 1073 680 1114 αὐτοὺς
702 1075 988 1125 δεκατεύοντες]
1016 1074 1250 1128 Harpoer.:
1288 1077 1538 1116 Δεκατεύειν.
1593 1078 1795 1127 Δημοσθέ-

280 1143 347 1176 νης
384 1126 464 1166 κατ’
498 1127 788 1179 Ἀνδροτίωνος·
827 1130 871 1169 οὐ
904 1132 979 1181 γὰρ
1016 1131 1153 1172 αὑτοὺς
1184 1133 1470 1180 δεκατεύοντες,
1504 1134 1589 1173 ἀντὶ
1622 1137 1689 1172 τοῦ
1725 1134 1795 1183 τὴν

277 1182 440 1232 δεκάτην
475 1185 795 1235 εἰσπραττόμενοι
829 1187 891 1225 καὶ
919 1186 1003 1225 οἷον
1034 1191 1428 1238 λαφυραγωγοῦντες.
1465 1190 1512 1228 τὰ
1539 1191 1614 1240 γὰρ
1647 1191 1688 1229 ἐκ
1719 1194 1795 1230 τῶν

276 1240 475 1289 πολεμίων
495 1240 700 1291 ληφθέντα
723 1241 950 1282 ἐδεκάτευον
971 1245 1050 1284 τοῖς
1072 1245 1188 1284 θεοῖς.
1221 1243 1384 1282 Anecd.
1402 1243 1533 1285 Bekk.
1551 1259 1591 1297 p.
1612 1257 1632 1285 2
1637 1258 1704 1298 34,
1720 1259 1790 1299 33:

278 1297 576 1337 Δεκατεύοντες·
623 1301 896 1344 τελωνοῦντες,
935 1298 1097 1347 δεκάτην
1137 1300 1471 1350 εἰσπραττόμενοι.
1517 1301 1578 1341 Cf.
1610 1301 1793 1342 Boeckh.

277 1351 428 1391 Oecon.
453 1352 612 1392 Athen.
633 1353 711 1393 vol.
739 1366 775 1393 2.
797 1368 837 1407 p.
862 1367 930 1406 57.
965 1354 1149 1394 FUNK.

334 1409 428 1459 617,
455 1409 519 1449 26.
552 1410 718 1460 εὔξαιτο]
752 1409 857 1449 Post
885 1410 924 1449 h.
946 1425 982 1450 v.
1007 1410 1173 1451 videtur
1198 1412 1341 1451 deesse
1367 1415 1566 1455 ποιοῦντες
1586 1413 1650 1453 vel
1677 1414 1795 1465 πράτ-

275 1480 420 1505 τοντες.
444 1470 479 1503 et
504 1471 647 1504 utentes
658 1480 855 1519 prospera
877 1468 1300 1521 quacunquefortuna,
1325 1482 1442 1521 quam
1464 1469 1556 1521 quis
1582 1470 1694 1510 modo
1719 1470 1795 1510 sibi

275 1525 376 1572 optet
406 1527 506 1560 recte
537 1521 706 1574 sapien&
739 1522 934 1562 REISK.
996 1523 1089 1563 Non
1127 1524 1256 1563 deest.
1292 1524 1409 1564 Conf.
1441 1539 1477 1564 v.
1505 1537 1568 1565 22.
1628 1525 1793 1567 Scilicet

275 1575 536 1616 inimicorum
562 1582 625 1617 est
654 1582 801 1631 optare
822 1584 871 1619 ut
897 1579 1000 1619 fiant
1023 1594 1129 1634 quae
1157 1586 1435 1634 progenerent
1465 1581 1614 1621 civium
1642 1582 1793 1622 discor-

278 1631 402 1681 diam,
426 1633 654 1686 cujusmodi
689 1640 752 1674 est
780 1635 921 1689 iniqua
951 1636 1116 1676 exactio
1147 1637 1525 1677 contributionum:
1564 1639 1792 1679 amicorum

274 1694 317 1729 et
348 1694 462 1728 recte
493 1689 756 1743 salinentium,
785 1696 833 1732 ut
869 1706 977 1746 resp.
1012 1692 1235 1733 concordia
1270 1693 1404 1748 magis
1437 1694 1653 1749 magisque
1683 1696 1792 1736 efflo-

273 1750 424 1785 rescat.
461 1744 710 1786 SCHAEF.

331 1803 425 1854 617,
447 1813 511 1855 29.
537 1805 602 1852 τῆς
624 1804 768 1854 ἀγορᾶς
791 1806 1001 1855 εἴργοντες]
1026 1804 1090 1845 Ut
1111 1804 1281 1846 infamia
1300 1810 1471 1847 notatos
1493 1812 1621 1860 atque
1642 1807 1792 1848 civium

268 1857 431 1910 juribus
452 1858 651 1911 privatos.
688 1859 742 1900 V.
763 1860 909 1900 Meier.
930 1861 981 1900 (10
998 1861 1118 1901 bonis
1135 1862 1320 1903 damnat.
1338 1878 1377 1917 p.
1403 1876 1492 1917 103.
1515 1863 1788 1905 Schoemann.

273 1914 324 1953 de
344 1913 416 1953 lite
439 1915 534 1955 Att.
560 1930 599 1968 p.
624 1917 720 1970 563.
757 1916 942 1956 FUNK.

332 1971 426 2019 618,
449 1981 488 2024 5.
513 1974 615 2011 τοῦτ’
638 1973 836 2024 ἀσέβημα]
865 1973 932 2013 Sic
953 1973 1253 2023 resolvendum,
1275 1977 1386 2015 τοῦτο
1412 1977 1516 2017 τίνος
1542 1976 1792 2027 ἀσεβήματος

273 2026 438 2066 ἔλαττον
461 2027 645 2078 ἀσέβημα
666 2029 826 2080 ἡγεῖσθε
845 2046 854 2075 ;
891 2029 1141 2070 SCHAEF.

331 2084 426 2129 618,
452 2093 488 2133 7.
524 2085 585 2123 καὶ
615 2086 813 2136 χερνίβων
845 2087 906 2125 καὶ
938 2090 1064 2125 κανῶν
1097 2088 1318 2139 ἁψόμενον]
1355 2088 1514 2127 Locum
1546 2089 1655 2128 1111110
1686 2088 1790 2128 citat

272 2137 398 2177 schol.
443 2138 661 2193 Aristoph.
706 2141 786 2180 Av.
828 2156 864 2181 v.
908 2143 1002 2195 851.
1048 2148 1090 2182 01
1131 2143 1447 2196 Harpocration
1488 2159 1525 2185 v.
1567 2146 1786 2196 Χερνίβων.

273 2194 466 2235 REISK.
504 2195 611 2235 Item
635 2196 852 2237 Philemon
872 2213 911 2251 p.
940 2210 1033 2238 201.
1059 2198 1129 2239 Os.
1180 2200 1431 2240 SCHAEF.
