1997 3256
310 161 393 203 686
730 162 1054 204 ADVERSUS
1088 163 1414 204 LEPTINEM.

309 283 416 308 τινας
445 265 694 315 πεποιήκατε.
757 265 862 305 11)1(1.
892 280 927 306 v.
957 278 1021 307 22.
1052 268 1261 317 πεποίηκεν
1293 267 1457 309 ἕκαστος
1488 267 1613 307 αὐτῶν
1643 269 1739 317 ὑμᾶς
1771 268 1824 307 εὖ.

312 321 563 362 SCHAEF.

365 380 461 426 482,
488 389 552 417 21.
581 377 652 427 ὅρα
680 377 724 426 δὴ
751 376 812 416 καὶ
833 377 971 415 σκόπει
1000 394 1031 416 κ.
1055 394 1088 416 τ.
1111 378 1167 429 λ.]
1197 377 1332 417 Locus
1360 378 1429 417 hic
1457 378 1570 431 apud
1593 378 1827 417 Aristidem

308 432 350 471 in
371 432 506 486 Τέχυῃ
531 447 570 485 p.
597 444 617 471 2
621 433 688 485 58.
711 432 784 472 sed
812 431 1037 471 admodum
1065 437 1261 485 corrupte
1288 433 1452 487 legitur.
1483 435 1685 473 REISK.
1750 433 1827 473 Le-

307 492 465 541 guntur
486 488 587 527 haec
609 488 735 528 verba
761 488 873 540 apud
900 487 1072 527 Suidam
1093 488 1135 526 in
1156 487 1374 539 voc.‘'()pa,
1397 489 1470 528 sed
1498 490 1611 529 nuda
1638 489 1762 528 hodie
1783 495 1827 529 ct

308 543 460 596 elapsis
483 543 544 592 iis,
568 557 674 596 quae
694 543 1011 597 lexicographus
1032 543 1327 597 adscripscrat.
1373 544 1448 592 Ibi,
1473 544 1630 597 opinor,
1653 549 1826 585 notarat

307 599 488 653 figuram
509 603 576 639 τοῦ
598 600 865 652 αὐτοσχεδίου,
889 613 971 652 qua
993 604 1136 639 orator
1156 613 1264 638 nunc
1286 599 1434 639 utitur.
1469 600 1578 640 Nam
1600 600 1823 649 orationes,

308 660 517 708 quotquot
552 669 604 695 ex
639 655 896 708 antiquitate
931 660 1165 708 supersunt,
1201 655 1389 708 quamvis
1425 655 1647 710 pleraeque
1683 671 1825 696 omnes

309 716 405 764 post
436 712 600 751 demum
633 711 717 751 sint
748 711 881 751 literis
919 711 1177 765 perscriptae
1209 725 1334 764 quam
1366 711 1528 764 publice
1560 712 1732 752 habitae
1765 726 1825 751 es-

308 772 414 815 sent,
443 772 667 807 occurrunt
692 772 835 807 tamen
862 767 904 806 in
934 767 983 806 iis
1010 767 1088 806 loci
1121 767 1348 807 artificiose
1379 767 1436 806 sic
1462 768 1744 816 commentati,
1778 774 1826 808 ut

306 822 349 862 in
376 837 464 862 rem
492 828 755 877 praesentem
783 823 955 864 adducti
986 837 1069 863 non
1096 823 1231 877 legere
1257 823 1471 863 videamur
1497 823 1724 872 elaborata,
1752 824 1825 863 sed

306 879 452 918 audire
483 893 534 918 ex
564 884 752 932 tempore
782 879 886 919 fusa.
949 879 1017 919 Ita
1046 880 1354 919 Demosthenes
1383 880 1422 918 h.
1444 879 1469 918 l.
1495 879 1675 919 scribam
1705 879 1825 918 nobis

307 935 360 974 ob
394 934 535 975 oculos
570 935 688 988 ponit
722 939 991 976 cunctantem
1026 940 1067 975 et
1101 935 1339 989 psephisma
1374 935 1669 988 requirentem,
1702 949 1825 988 quem

301 991 426 1043 jubet
453 990 772 1044 circumspicere
801 992 1014 1037 curatius3
1048 1006 1145 1031 111οΧ
1167 997 1214 1032 ut
1234 991 1390 1031 homini
1419 991 1601 1044 spatium
1625 991 1679 1031 ad
1701 1005 1825 1043 quae-

305 1046 480 1086 rendum
502 1047 586 1094 (let,
610 1047 807 1086 simulans
829 1062 872 1087 se
895 1048 1006 1100 quod
1026 1047 1068 1086 in
1089 1048 1232 1095 solum,
1255 1053 1303 1087 ut
1324 1047 1479 1095 dicunt,
1502 1047 1613 1100 loqui
1635 1047 1747 1095 velle,
1770 1047 1825 1086 ad

305 1117 455 1141 novum
482 1103 748 1156 enthymema
768 1103 811 1142 in
834 1103 1056 1156 Leptinem
1081 1104 1325 1158 accingitur.
1387 1103 1529 1143 Simile
1551 1103 1650 1156 quid
1670 1103 1824 1156 reperi-

306 1163 377 1198 tur
407 1158 449 1197 111
480 1158 656 1198 notabili
687 1159 776 1198 loco
808 1159 940 1199 nostri
973 1159 1023 1198 de
1053 1159 1143 1199 fals.
1172 1160 1248 1213 leg.
1278 1172 1376 1209 407,
1403 1172 1464 1213 13.
1492 1159 1562 1199 ubi
1593 1159 1626 1199 si
1658 1159 1824 1213 quando

305 1214 522 1268 proposito
553 1214 687 1254 aliena
717 1214 852 1269 legere
883 1214 1057 1264 lubebit,
1086 1215 1199 1269 legas
1231 1215 1447 1255 Reiskium
1477 1215 1519 1254 in
1550 1220 1639 1255 not.
1672 1215 1823 1255 Demo-

305 1270 465 1310 sthenis
490 1271 598 1310 hunc
622 1285 786 1324 quoque
813 1271 982 1310 modum
1003 1271 1192 1311 imitator
1214 1271 1440 1319 Romanus,
1462 1286 1545 1311 non
1572 1285 1824 1325 magnopere

305 1326 372 1366 ille
401 1327 452 1367 de
478 1326 614 1366 verbis
644 1326 815 1381 singulis
843 1333 917 1368 aut
949 1328 1168 1368 sententiis
1199 1327 1479 1381 exprimendis
1511 1327 1721 1375 sollicitus,
1752 1327 1825 1367 sed

304 1389 441 1423 artem
469 1383 705 1423 universam
731 1383 881 1424 Graeci
912 1384 1088 1437 exempli
1116 1384 1361 1432 aemulatus,
1386 1384 1493 1423 hunc
1525 1398 1625 1438 ergo
1655 1383 1823 1422 modum

306 1439 450 1479 Cicero
482 1439 699 1479 transtulit
726 1439 768 1478 in
791 1439 1015 1479 Verrinam
1041 1454 1080 1490 4,
1104 1454 1142 1493 3.
1172 1440 1251 1480 hoc
1280 1445 1355 1486 est,
1386 1439 1427 1478 in
1459 1454 1551 1479 eam
1578 1439 1822 1488 orationem,

306 1510 430 1548 quam
464 1495 662 1549 scriptam
695 1500 861 1536 tantum
895 1495 1047 1535 scimus
1080 1510 1183 1545 esse,
1217 1510 1300 1536 non
1333 1496 1536 1536 habitam.
1599 1495 1663 1535 Ibi
1697 1510 1824 1549 quum

304 1550 423 1599 dixit,
452 1552 704 1605 C'aneplzorae
729 1553 836 1605 ipsae
862 1551 1112 1599 vocabantur,
1136 1552 1282 1592 statim
1310 1552 1546 1592 auditorem
1572 1551 1751 1605 aliquem
1772 1552 1823 1591 de

306 1607 471 1647 nomine
511 1607 684 1647 artificis
725 1608 986 1662 interrogare
1019 1623 1061 1648 se
1103 1608 1314 1657 simulans,
1352 1608 1470 1661 quasi
1510 1608 1598 1662 ipse
1633 1607 1729 1648 talis
1763 1608 1824 1647 rei

304 1663 434 1713 rudis,
456 1664 601 1704 addit:
637 1664 718 1704 Sed
742 1679 879 1704 earum
903 1665 1094 1717 czrtesscem
1115 1679 1224 1718 quem
1240 1667 1258 1704 ?
1290 1679 1499 1718 quemnam
1515 1667 1534 1704 ,9
1568 1664 1675 1704 Tum
1695 1678 1823 1717 parvo

303 1719 549 1760 intervallo:
583 1721 698 1760 Recte
727 1721 937 1766 admone&
972 1721 1218 1774 Polyclefum
1243 1735 1318 1760 esse
1338 1720 1531 1761 dicebant.
1593 1721 1708 1771 Quae
1729 1720 1823 1760 ulti-

305 1790 371 1815 ma
394 1777 519 1816 verba
543 1775 599 1815 sic
627 1776 868 1825 efferuntur,
892 1782 939 1817 ut
967 1791 1117 1817 nomen
1142 1777 1316 1817 artificis
1343 1777 1501 1816 oratori
1529 1778 1581 1816 ab
1604 1776 1742 1831 aliquo
1772 1790 1822 1816 ex

305 1845 458 1872 corona
480 1837 723 1886 suggestum
744 1833 946 1873 videatur.
993 1833 1023 1872 ‚J
1026 1848 1094 1873 am
1115 1848 1165 1872 ex
1186 1833 1322 1873 tribus
1343 1833 1407 1872 his
1428 1832 1527 1872 locis
1549 1838 1652 1886 puto
1673 1846 1822 1886 cogno-

305 1887 362 1927 sci
396 1902 518 1941 posse
547 1903 621 1927 cur
651 1888 711 1928 ita
743 1889 906 1942 antiqui
934 1889 1120 1937 fecerint,
1148 1903 1275 1942 quum
1302 1889 1491 1928 consulto
1521 1888 1669 1928 fecisse
1695 1903 1823 1942 appa-

304 1950 409 1984 reat.
472 1944 677 1984 Nimirum
705 1945 813 1984 sicut
837 1950 987 1999 poetae
1015 1945 1164 1985 scenici
1185 1945 1347 1985 fabulas
1375 1959 1471 1984 suas
1499 1945 1560 1984 ita
1581 1945 1752 1993 faciunt,
1775 1949 1823 1984 ut

304 2000 431 2040 etiam
452 2000 494 2039 in
517 2000 708 2040 cubiculo
736 2001 870 2041 lectae
897 2015 972 2041 nos
999 2008 1138 2041 mente
1165 2001 1386 2054 animoque
1408 2001 1450 2039 in
1478 2015 1644 2040 scenam
1671 2000 1822 2054 abripi-

303 2061 390 2103 ant,
426 2057 571 2096 eodem
607 2057 730 2110 plane
761 2057 886 2096 modo
919 2057 988 2105 illi,
1022 2072 1199 2111 quorum
1235 2071 1358 2097 scena
1396 2062 1487 2097 erat
1517 2057 1653 2096 forum
1689 2062 1731 2096 et
1757 2057 1822 2110 ju-

304 2111 423 2159 dicia,
447 2112 507 2152 ita
528 2113 715 2152 nativum
736 2113 914 2152 colorem
937 2114 1144 2165 quendam
1167 2118 1209 2153 et
1229 2113 1413 2167 gratiam
1441 2117 1647 2166 putarunt
1669 2113 1823 2153 oratio-

304 2167 425 2207 nibus
456 2168 623 2221 scriptis
653 2168 863 2215 accedere,
896 2168 928 2208 si
960 2168 1116 2209 habitis
1147 2174 1286 2208 essent
1317 2168 1575 2214 si1nillin1ae3
1616 2183 1698 2221 qua
1729 2173 1821 2208 arte

303 2223 435 2263 lector
460 2224 537 2263 sibi
563 2238 584 2263 e
606 2224 794 2263 cubiculo
822 2238 896 2264 suo
918 2224 1130 2264 videretur
1155 2225 1197 2263 111
1224 2224 1351 2264 solem
1378 2229 1420 2264 et
1446 2224 1656 2277 pulverem
1684 2229 1820 2264 trans-

302 2280 426 2320 latus.
491 2280 621 2319 Simul
654 2294 737 2319 non
773 2280 944 2320 dubium
976 2285 1052 2324 est.
1087 2281 1194 2320 hanc
1228 2280 1407 2333 speciem
1441 2280 1820 2333 extemporalitatis

302 2335 530 2385 ἀξιόπιστον
559 2340 685 2376 ποιεῖυ
709 2337 844 2387 λόγου,
867 2336 978 2389 quod
1005 2337 1061 2376 ad
1082 2336 1121 2375 h.
1144 2337 1169 2376 l.
1192 2337 1386 2376 observat
1407 2335 1619 2375 Aristides
1648 2336 1689 2374 in
1711 2336 1819 2375 Arte

301 2406 341 2444 p.
374 2394 471 2442 467.
539 2392 609 2431 Ad
646 2392 855 2432 Ciceronis
890 2393 1027 2432 locum
1063 2393 1168 2432 conf.
1208 2392 1403 2443 Quinctil.
1436 2406 1472 2445 9,
1509 2404 1547 2439 2,
1580 2393 1646 2431 61.
1687 2393 1734 2432 F.
1764 2392 1817 2432 A.

302 2448 494 2487 WOLF.
557 2448 610 2487 V.
634 2453 720 2488 not.
746 2449 799 2488 ad
827 2463 866 2502 p.
890 2461 985 2499 407,
1013 2462 1085 2502 13..
1109 2448 1178 2488 ubi
1207 2463 1289 2487 11011
1318 2448 1453 2488 dicam
1482 2447 1697 2487 Reiskium
1725 2463 1819 2501 pro-

300 2504 438 2557 posito
459 2503 595 2544 aliena
620 2504 845 2557 scripsisse.
910 2504 1010 2555 Quis
1032 2504 1141 2544 enim
1162 2505 1397 2558 praefracte
1422 2509 1547 2558 neget
1570 2504 1818 2544 Demosthe-

298 2575 393 2599 nem
423 2560 660 2613 hujusmodi
690 2560 1080 2600 interlocutionibus
1110 2575 1204 2600 vere
1234 2575 1355 2600 usum
1386 2574 1485 2609 esse,
1519 2574 1610 2599 011111
1643 2565 1783 2600 oraret
1806 2562 1818 2600 ’Ξ

301 2615 555 2656 SOHAEF.
599 2616 714 2656 Conf.
737 2617 793 2656 ad
814 2632 853 2670 p.
880 2629 974 2667 242,
999 2629 1063 2668 29.

353 2674 406 2723 48
416 2685 449 2719 2,
472 2684 536 2726 25.
559 2673 743 2723 τιμῶντές
762 2690 857 2713 ποτε
872 2673 1114 2726 Ἰφικράτηυ]
1141 2673 1307 2713 Scilicet
1330 2672 1584 2726 Iphicratem
1607 2671 1817 2712 donarunt

298 2733 441 2768 statua
469 2743 611 2777 aenea,
641 2728 755 2769 victu
786 2729 1000 2783 Prytanei,
1032 2729 1123 2769 aliis
1154 2728 1364 2782 praemiis,
1393 2733 1502 2769 teste
1532 2728 1815 2768 Demosthene

297 2784 339 2823 in
379 2784 585 2825 Aristocr.
627 2799 667 2838 p.
703 2786 799 2838 663.
862 2786 1048 2836 Quocum
1088 2786 1194 2825 conf.
1229 2784 1424 2824 Aeschin.
1468 2784 1509 2823 in
1551 2783 1739 2836 Ctesiph.
1774 2799 1814 2837 p.

297 2842 377 2891 467
418 2841 486 2888 D..
528 2840 599 2880 ubi
640 2841 768 2881 etiam
809 2841 1003 2880 similium
1043 2841 1248 2880 honorum
1290 2840 1498 2880 Timothei
1541 2839 1730 2879 meminit
1772 2845 1816 2880 et

298 2910 449 2945 rerum,
484 2911 590 2950 quae
626 2911 722 2937 suos
758 2897 925 2950 utrique
966 2902 1219 2937 meruerant.
1280 2895 1557 2946 Ἐπερώτηο-ον
1592 2896 1677 2937 τοὺς
1713 2899 1816 2936 δικα-
