1997 3256
540 153 861 194 ADVERSUS
895 153 1221 193 LEPTINEM.
1555 150 1637 191 685

183 254 279 304 481,
307 264 343 306 7.
381 253 636 293 ἑπτακαίδεκα
665 255 737 302 μὲν
769 254 904 294 πόλεις
931 254 1045 296 ,εἶλεν
1078 271 1109 292 κ.
1131 269 1163 291 τ.
1185 252 1243 305 λ.]
1277 251 1388 291 Hinc
1419 250 1639 303 descripsit

127 310 338 349 Aristides
374 309 604 349 Declamat.
646 310 821 362 §.103.‚
858 310 999 348 forsan
1034 308 1114 348 alio
1150 308 1260 347 nullo
1296 311 1468 347 auctore
1504 306 1638 346 nixus.

127 366 177 405 F.
200 366 254 405 A.
277 365 469 404 WOLF.

183 422 280 471 481,
311 433 370 473 13.
394 420 630 471 φανήσεται]
660 421 823 459 Futuro
852 419 973 472 hujus
994 418 1108 458 verbi
1137 433 1218 457 non
1247 432 1343 458 raro
1366 418 1424 457 sic
1450 422 1638 466 utuntur,

127 480 175 515 ut
196 475 390 515 Aeschin.
413 475 453 514 in
477 475 661 528 Ctesiph.
686 490 726 528 p.
745 488 827 524 440
846 476 898 514 A.
932 473 1185 523 Δημοσθένης
1207 474 1384 513 ἐνιαυτὸν
1403 475 1639 523 βουλεύσας,

127 532 309 581 οὐδεμίαν
340 532 494 571 πώποτε
526 535 708 582 φανεῖται
742 531 962 581 πρεσβείαν
993 531 1046 570 εἰς
1077 529 1285 579 προεδρίαν
1319 529 1500 574 καλέσας,
1534 530 1642 568 ἀλλὰ

127 588 215 626 τότε
244 588 366 636 μόνον
395 588 455 625 καὶ
483 590 634 637 πρῶτον
665 603 697 625 κ.
720 603 752 624 τ.
774 591 812 624 λ.
874 584 1041 637 Ellipsis
1066 588 1142 632 est,
1171 586 1240 623 ἐὰν
1269 586 1449 633 σκοπῆτε.
1512 583 1641 623 Plene

128 657 255 695 supra
282 657 321 694 p.
344 644 439 692 466,
469 644 530 681 18.
563 643 683 689 οὗτος,
716 641 764 680 ἂν
797 643 981 689 σκοπῆτε,
1015 640 1233 690 φανήσεται
1266 643 1439 691 συνεχῶς
1470 640 1567 688 ἡμᾶς
1600 640 1642 678 εὖ

127 702 261 737 ποιῶν.
286 699 335 737 F.
360 698 413 736 A.
440 697 630 737 WOLF.
692 696 859 748 Ellipsis
881 700 945 734 est
970 695 1021 733 de
1046 709 1197 748 genere
1218 694 1395 742 illarum,
1417 709 1521 748 quas
1542 694 1641 734 alibi

128 753 214 792 dixi
250 753 503 793 dialecticas.
565 753 760 792 Ceterum
796 751 923 791 etiam
959 750 1067 789 infra
1101 765 1137 789 v.
1172 763 1236 801 27.
1268 750 1524 800 φανήσεσθεε
1569 750 1642 789 sed

127 823 224 847 mox
246 823 282 848 v.
309 810 371 848 18.
401 809 641 860 φανούμεθα,
665 822 747 860 qua
773 807 906 847 forma
934 806 1061 846 etiam
1084 806 1312 845 Aeschines
1334 806 1359 844 l.
1383 820 1416 845 c.
1440 820 1538 845 usus
1564 810 1641 845 cst.

184 922 280 970 481,
311 934 370 971 19.
394 920 519 971 Χίων]
550 920 615 958 De
647 919 760 959 Chiis
790 933 872 958 non
908 918 1041 972 magis
1070 917 1337 971 cognoscitur
1364 932 1414 957 ex
1442 917 1640 963 historiis,

129 990 233 1028 quae
255 975 439 1028 praemia
460 975 665 1015 Chabriae
687 974 891 1022 dederint„
915 989 1037 1027 quam
1060 974 1170 1021 illud,
1195 974 1305 1026 quod
1327 974 1378 1012 de
1400 973 1567 1013 Conone
1588 974 1642 1013 ab

128 1031 218 1070 aliis
239 1031 401 1085 populis
423 1036 572 1071 ornato
594 1031 766 1085 legimus
787 1046 826 1084 p.
848 1033 944 1081 478,
968 1042 1030 1070 12.
1078 1030 1273 1070 Ceterum
1295 1029 1506 1069 antitheta
1526 1044 1642 1082 prae-

127 1087 237 1127 clare
265 1088 303 1126 h.
326 1087 350 1127 l.
374 1087 585 1127 cumulata
614 1102 689 1140 pro
715 1102 757 1126 se
787 1086 961 1141 quisque
991 1086 1171 1126 notabit.
1204 1086 1321 1126 Conf.
1343 1085 1398 1125 ad
1420 1100 1458 1138 p.
1482 1089 1535 1136 46
1540 1097 1578 1139 5,
1602 1100 1642 1137 5.

128 1143 180 1182 F.
203 1143 256 1182 A.
282 1143 472 1183 WOLF.

183 1200 281 1248 481,
307 1211 371 1252 25.
396 1198 453 1239 ἐπ’
479 1200 649 1240 ἐκείνους
678 1199 804 1238 ἐλθὼν
834 1197 1109 1251 ἐτελεύτησεν]
1134 1197 1300 1237 Occidit
1325 1197 1515 1236 videlicet
1538 1196 1644 1236 Cha-

127 1254 242 1294 brias
273 1255 315 1294 in
346 1255 560 1295 obsidione
593 1254 696 1302 Chii,
725 1254 820 1293 belli
852 1254 1014 1293 socialis
1045 1268 1155 1293 anne
1186 1253 1332 1307 primo,
1360 1253 1523 1306 Olymp.
1554 1265 1643 1306 105,

128 1324 167 1363 3.
220 1310 238 1349 Ι
243 1311 444 1351 nteritum
465 1312 553 1365 ejus
575 1314 749 1350 narrant
772 1310 982 1350 Diodorus
1009 1313 1069 1358 16,
1096 1323 1131 1361 7.
1154 1314 1198 1349 et
1220 1309 1360 1363 Nepos
1381 1314 1487 1349 extr.
1512 1310 1560 1348 F.
1587 1312 1641 1348 A.

128 1367 188 1404 W
194 1366 321 1406 OLF.

184 1424 281 1472 481,
307 1424 372 1464 26.
396 1424 448 1476 τι]
478 1423 542 1462 De
572 1423 650 1462 hac
683 1422 779 1462 sede
810 1421 1067 1475 pronominis
1094 1422 1150 1462 τὶς
1177 1436 1212 1461 v.
1238 1421 1292 1461 ad
1320 1420 1451 1474 Longi
1475 1420 1641 1460 Pastor.

128 1494 168 1533 p.
191 1480 287 1532 363.
313 1484 355 1519 et
379 1479 556 1519 Porsoni
579 1478 755 1519 Advers.
780 1493 819 1531 p.
842 1492 909 1529 49.
943 1477 1195 1517 SOHAEF.

184 1535 283 1584 482,
308 1536 344 1574 8.
367 1536 506 1588 τούτῳ]
535 1535 594 1574 H.
619 1549 654 1574 e.
677 1537 728 1589 τῷ
750 1534 1051 1586 ἀσφαλεστάτῳ.
1076 1540 1204 1573 vestra
1225 1532 1384 1586 (laidem
1411 1546 1550 1572 caussa
1571 1532 1646 1571 hac

126 1604 279 1631 summa
306 1592 484 1631 cautione
511 1590 705 1631 utebatur.
766 1590 836 1629 Ita
863 1590 913 1629 dc
935 1589 1130 1643 Agesilao
1154 1589 1395 1642 Xenophon
1418 1588 1581 1628 Hellen.
1603 1602 1644 1639 4,

127 1660 166 1700 3,
194 1659 258 1686 12.
291 1648 457 1687 ἐνταῦθα
485 1648 529 1696 δὴ
558 1648 738 1698 ἀνδρεῖον
764 1648 836 1696 μὲν
865 1645 1019 1695 ἔξεστιν
1048 1647 1172 1685 εἰπεῖν
1200 1645 1568 1696 ἀναμφισβητήτως’
1601 1645 1645 1683 οὐ

127 1702 261 1752 μέντοι
293 1704 421 1743 εἵλετό
450 1720 497 1754 γε
527 1705 574 1742 τὰ
605 1702 895 1754 ἀσφαλέστατα
927 1719 959 1741 κ.
981 1719 1012 1740 τ.
1036 1707 1073 1740 λ.
1125 1702 1257 1752 Quem
1286 1701 1341 1741 ad
1370 1701 1506 1740 locum
1537 1700 1643 1740 conf.

130 1758 344 1798 Plutarch.
367 1758 409 1797 in
435 1759 578 1812 Pelop.
602 1774 641 1812 p.
666 1759 758 1809 278.
789 1759 837 1797 F.
860 1758 914 1798 A.
940 1757 1133 1797 WOLF.
1193 1758 1260 1797 De
1285 1772 1330 1796 re
1357 1756 1447 1809 ipsa
1473 1756 1580 1796 conf.
1604 1771 1644 1810 p.

127 1814 223 1865 480,
247 1826 308 1868 17.
329 1816 426 1864 482,
452 1827 488 1854 2.
523 1815 782 1854 SCHAEF.

184 1871 280 1921 482,
301 1883 363 1923 15.
380 1872 476 1922 ὑπὲρ
497 1870 823 1922 ὑμῶν-ἔστησε]
840 1870 1015 1923 Tropaea
1037 1883 1137 1923 quae
1157 1869 1296 1909 statuit
1315 1875 1409 1916 tum,
1432 1882 1551 1922 quam
1572 1868 1645 1907 im-

118 1932 288 1979 perator
307 1933 394 1966 erat
421 1926 538 1966 vestri
563 1926 763 1971 exercitas.
785 1926 840 1966 ad
861 1926 1044 1973 verbum,
1067 1932 1190 1965 vestro
1218 1925 1382 1973 nemine,
1405 1931 1532 1964 vestra
1553 1939 1645 1964 auc-

129 1982 296 2021 toritate.
354 1981 649 2033 Ἐστρατήγησε
670 1984 743 2033 γὰρ
770 1984 789 2020 ὁ
818 1983 997 2032 Χαβρίας
1026 1983 1087 2021 καὶ
1113 1983 1209 2032 ὑπὲρ
1236 1982 1372 2020 ἄλλων
1399 1984 1525 2025 τινῶν,
1548 1982 1644 2031 ὑπὲρ

130 2039 311 2088 Κυπρίων
341 2039 402 2077 καὶ
429 2039 663 2089 Αἰγυπτίων.
730 2038 812 2076 Sed
841 2037 921 2077 illic
943 2038 996 2077 ab
1026 2052 1074 2077 eo
1095 2042 1219 2090 parta
1239 2041 1414 2089 tropaea
1442 2035 1543 2074 nihil
1565 2036 1644 2075 huc

128 2093 355 2146 pertinent.
419 2093 627 2133 Isocrates
659 2094 709 2133 de
741 2093 909 2133 Conone
942 2093 1099 2147 Paneg.
1131 2107 1166 2132 c.
1188 2106 1255 2142 41.
1289 2093 1384 2142 ὑπὲρ
1416 2095 1481 2141 τῆς
1508 2092 1646 2133 Ἀσίας

129 2149 402 2200 στρατηγήσας
429 2149 498 2198 τὴν
526 2150 838 2199 Λακεδαιμονίων
867 2149 991 2201 ἀρχὴν
1023 2149 1252 2188 κατέλυσεν.
1315 2147 1514 2187 Notanda
1541 2148 1645 2187 haec

129 2204 189 2243 vis
219 2205 450 2258 particulae
477 2206 585 2256 ὑπὲρ,
610 2205 726 2258 cujus
753 2205 970 2244 immemor
1000 2204 1277 2244 Marklandus
1308 2203 1366 2243 sic
1394 2204 1519 2243 verba
1550 2218 1645 2244 con-

127 2261 288 2300 nectit:
321 2261 345 2300 ἃ
374 2262 470 2312 ὑπὲρ
500 2263 605 2311 ὑμῶν
637 2261 795 2311 ἔστησε,
823 2275 923 2314 qaae
953 2267 1121 2300 vestrum
1151 2261 1195 2300 in
1226 2259 1464 2299 eommoclmn
1493 2261 1645 2300 statuit.

132 2315 271 2369 Ipsam
307 2321 563 2357 structuram
598 2331 680 2355 non
712 2317 984 2369 reprehendo,
1019 2320 1161 2366 στῆσαι
1196 2317 1362 2367 τρόπαια
1397 2315 1493 2366 ὑπέρ
1528 2333 1643 2362 τινος,

130 2385 303 2426 eamque
324 2373 428 2412 adeo
450 2372 616 2412 memini
638 2387 704 2412 me
726 2372 767 2411 in
789 2373 1026 2413 oratoribus
1047 2372 1207 2427 legisse.
1254 2371 1415 2410 Verum
1437 2371 1495 2410 sic
1516 2372 1644 2411 verba

128 2428 323 2482 ambigue
345 2429 523 2481 trajecta
545 2432 694 2467 essent.
720 2429 768 2467 F.
792 2428 844 2468 A.
870 2428 1058 2468 WOLF.

185 2484 282 2534 482,
312 2496 373 2536 17.
411 2485 455 2523 οὐ
487 2483 810 2535 σκέψεσθε-καὶ
841 2486 1059 2537 λογιεῖσθε]
1103 2483 1354 2523 Considerate
1386 2481 1580 2522 vobiscum
1612 2489 1646 2521 et

128 2546 317 2593 reputate.
380 2539 488 2579 Nam
517 2544 580 2578 cst
601 2539 701 2578 illud
721 2554 797 2592 pro
819 2539 1077 2593 imperativo.
1140 2538 1340 2578 Proxima
1364 2538 1517 2577 redde:
1550 2539 1646 2576 ZVon

119 2596 210 2648 jam
241 2596 287 2635 «le
317 2595 393 2649 leffe
413 2595 618 2648 judicium
648 2602 711 2644 est,
743 2602 877 2635 atrum
908 2595 985 2635 illa
1015 2595 1126 2634 utilis
1157 2595 1223 2642 sit,
1250 2608 1304 2633 an
1334 2594 1476 2641 minas,
1505 2593 1573 2632 secl
1600 2593 1648 2632 da

129 2650 248 2700 vobis,
270 2658 405 2691 utrum
427 2651 542 2706 dissui
562 2652 604 2690 in
623 2657 824 2704 posterum
846 2650 1036 2703 beneficiis
1058 2651 1156 2698 sitis,
1179 2664 1295 2690 necne
1315 2650 1415 2689 sitis.
1478 2649 1646 2702 Repeti-

129 2712 200 2747 tur
234 2722 316 2746 non
353 2707 439 2747 sine
474 2707 684 2762 gravitate
719 2707 930 2756 ἐπιτήδειος
964 2706 1006 2745 in
1041 2707 1174 2746 altero
1209 2706 1409 2745 membro.
1471 2704 1646 2758 Proprie

130 2763 240 2802 enim
259 2768 303 2803 et
323 2763 549 2804 solenniter
570 2763 723 2803 dicitur
745 2764 861 2812 νόμος
883 2763 1105 2812 ἐπιτήδειος,
1129 2762 1189 2802 lem
1210 2761 1319 2809 bona.
1342 2761 1501 2800 civitati
1522 2761 1644 2811 utilis,

131 2819 288 2872 ideoque
298 2819 490 2872 jubenda.
523 2819 570 2859 F.
594 2820 649 2859 A.
673 2819 864 2858 WOLF.

186 2878 282 2925 482,
317 2887 382 2916 2ο.
424 2875 596 2928 πάσχειν
634 2877 725 2915 ἐστὲ
762 2876 822 2928 εὖ]
868 2874 998 2915 Simili
1039 2873 1288 2928 trajectione
1324 2888 1363 2927 p.
1394 2874 1491 2927 483,
1531 2885 1567 2912 2.
1606 2874 1647 2913 εὖ
