1997 3256
317 146 400 191 796
903 143 965 183 IN
999 143 1251 183 MIDIAM.

315 264 501 297 monens,
539 247 859 302 Thargelionem
894 261 977 286 non
1012 261 1102 286 esse
1137 246 1329 285 ultimum
1361 244 1599 284 habendum
1635 246 1836 293 διαιτητῶν

315 306 499 346 muneris
520 318 703 344 mensem
725 304 815 355 (hos
837 302 962 350 enim,
980 307 1028 342 ut
1049 302 1152 342 alios
1173 301 1458 355 magistratus,
1480 314 1630 339 munus
1651 313 1837 339 annuum

317 362 468 403 adiisse
492 358 875 400 Hecatombaeonis
904 357 1054 409 initio).
1078 358 1149 397 sed
1170 356 1347 410 proximi
1375 356 1472 395 anni
1500 355 1835 409 Thargelioncm,

319 433 400 471 quo
422 416 609 457 accusari
627 415 836 455 diaetetae
857 415 968 468 apud
988 413 1161 467 legistas
1181 412 1407 466 potuerint.
1427 411 1459 451 si
1483 412 1581 465 quid
1603 416 1751 450 contra
1767 411 1837 463 jus

317 474 513 528 legesque
535 473 775 512 viderentur
800 470 1065 510 commisisse.
1119 469 1168 508 Id
1189 469 1324 522 ipsum
1346 474 1487 507 autem
1510 467 1720 507 Schaeferi
1743 481 1838 506 con-

317 530 459 570 firmat
493 528 745 569 sententiam
776 527 903 567 verba
927 525 1290 577 τὴν-γιγνομένην
1317 523 1505 563 delentis.
1567 523 1697 562 Plane
1728 523 1839 562 enim

318 585 560 626 incredibile
582 590 644 624 est
668 584 875 623 diaetetas
903 596 1032 635 usque
1061 581 1116 621 ad
1143 580 1242 620 anni
1267 579 1445 633 proximi
1466 593 1649 618 mensem
1670 578 1838 618 undeci-

318 657 443 684 mum.
469 640 800 693 Thargelionem.
823 640 1058 679 ὑπευθύνους
1078 637 1219 684 fuisse,
1243 651 1370 689 quum
1398 635 1578 675 usitatus
1600 635 1642 673 in
1664 635 1839 674 aliorum

318 693 643 752 magistratuum
667 697 841 737 εὐθύναις
861 694 1037 748 triginta
1059 693 1217 732 dierum
1241 706 1437 731 numerus
1460 691 1536 731 sit:
1569 691 1679 744 quod
1701 691 1840 730 obser-

319 754 431 794 vavit
455 754 806 793 westernmnnus
829 751 870 790 in
892 750 1016 790 Actis
1038 749 1179 789 societ.
1202 748 1310 788 liter.
1336 747 1487 787 Saxon.
1510 747 1587 786 vol.
1616 760 1648 786 1.
1672 762 1711 800 p.
1726 759 1824 799 453.

376 821 471 863 542.
500 811 562 848 18.
594 809 662 848 τὸν
691 806 996 860 πρυτανεύοντα]
1031 805 1273 845 Praesidem
1310 804 1569 857 logistarum,
1603 803 1654 842 de
1691 803 1840 856 quibus

318 866 443 905 modo
465 865 634 911 dictum,
658 863 974 913 intelligendum
996 876 1084 901 esse
1106 861 1333 915 probabilis
1359 859 1507 899 Meieri
1531 859 1669 913 opinio
1691 864 1769 899 est.

377 934 473 974 542.
499 933 564 960 20.
590 920 746 972 ἔρημον]
777 919 985 959 Cohaeret
1014 932 1107 957 cum
1135 917 1336 967 ἐκβάλλει.
1401 916 1573 956 Comma
1601 920 1699 955 ante
1730 931 1841 963 κατη-

320 981 447 1029 γορῶν
469 976 653 1030 positum
675 975 877 1015 deleatur.

377 1045 476 1084 542,
501 1044 521 1070 2
527 1045 565 1085 5.
589 1030 839 1084 ἀδικηθέντα]
866 1030 907 1070 Si
938 1029 1168 1080 ἀδικηθέντα
1188 1029 1243 1069 ad
1274 1028 1519 1068 Stratonem
1539 1026 1660 1073 redit.
1684 1031 1731 1066 ut
1754 1040 1841 1065 cre-

321 1088 446 1128 dibile
469 1093 533 1128 est-
555 1093 596 1127 et
625 1087 761 1140 specie
790 1086 924 1139 prima
946 1086 1122 1133 videtur.
1146 1092 1237 1125 tum
1258 1098 1426 1124 necesse
1456 1089 1519 1123 est
1546 1087 1591 1122 ut
1616 1083 1758 1135 Μειδίᾳ
1779 1082 1841 1122 vel

321 1147 372 1198 τῷ
406 1146 550 1197 Μειδίᾳ
579 1147 884 1196 transponatur
913 1146 1009 1195 post
1044 1141 1122 1181 οὔθ’
1156 1143 1267 1187 ὅλως,
1301 1145 1348 1179 111
1382 1139 1592 1179 sententia
1623 1139 1725 1177 haec
1756 1138 1839 1178 sit:

323 1200 481 1240 Tutum
516 1199 629 1239 haud
665 1205 729 1238 est
770 1197 960 1238 Stratoni
997 1198 1112 1237 litem
1148 1196 1185 1236 ei
1226 1196 1455 1243 intendere,
1494 1196 1527 1235 si
1564 1194 1654 1248 quis
1691 1194 1843 1247 injuria,

322 1271 365 1296 se
393 1255 660 1301 lacessiverit,
691 1268 824 1307 neque
855 1253 1077 1294 arbitrium
1109 1253 1257 1299 dicere,
1288 1267 1434 1305 neque,
1464 1256 1512 1291 ut
1539 1251 1715 1291 videtur.
1747 1265 1842 1290 ean-

322 1313 416 1352 dem
448 1327 543 1352 cum
572 1311 706 1351 Midia
736 1310 846 1350 viam
872 1310 945 1350 ire.
1009 1309 1115 1348 Mihi
1144 1314 1285 1348 tamen
1316 1307 1572 1361 probabilius
1599 1307 1764 1346 videtur
1788 1307 1842 1346 ad

322 1368 552 1418 ἀδικηθέντα
588 1366 812 1407 subaudire
845 1369 932 1406 τινὰ
968 1366 1040 1405 ὑπὸ
1078 1366 1253 1412 Μειδίου,
1289 1370 1335 1404 111
1371 1365 1472 1404 haec
1510 1363 1565 1403 sit
1601 1363 1839 1402 sententia:

323 1424 487 1464 Nemini
526 1425 614 1477 jam
649 1423 814 1462 videtur
849 1427 990 1462 tutum
1026 1435 1116 1461 esse
1157 1435 1290 1474 neque
1326 1435 1350 1460 a
1389 1419 1524 1459 Midia
1555 1420 1649 1473 jure
1686 1432 1843 1472 poenas

322 1485 512 1533 repetere
539 1484 806 1533 acceptarum
838 1478 1095 1531 injuriarum.
1126 1491 1258 1530 neque
1286 1476 1493 1517 arbitrum
1522 1476 1558 1515 ei
1589 1475 1743 1522 sedere,
1773 1489 1843 1514 116-

324 1551 403 1589 que
431 1550 602 1589 prorsus
630 1535 805 1575 eandem
827 1534 935 1573 viam
965 1533 1035 1573 ire.
1099 1533 1214 1583 Quae
1243 1532 1497 1573 commodior
1526 1537 1588 1572 est
1618 1530 1842 1571 sententia.

324 1592 517 1631 REISK.
564 1591 658 1631 Non
680 1590 947 1638 commodior7
972 1590 1043 1629 sed
1066 1589 1184 1628 unice
1206 1604 1302 1629 vera
1323 1605 1330 1629 :
1365 1589 1522 1628 Orator
1543 1588 1651 1628 enim
1671 1601 1844 1641 genera-

323 1648 402 1688 tim
423 1648 620 1701 loquitur.
656 1645 906 1687 SCHAEF.

661 1703 668 1717 r
806 1702 817 1715 x
898 1703 908 1717 s
961 1707 968 1716 s
1097 1702 1134 1715 a!
1486 1716 1489 1717 γ
1582 1699 1589 1707 ·

380 1714 476 1757 543,
501 1705 539 1743 6.
570 1710 747 1754 μεγαλην
779 1719 824 1751 νη
854 1701 919 1742 Δι’
952 1700 1064 1751 ὦφλε
1095 1714 1204 1749 οικην
1236 1718 1267 1739 κ.
1290 1717 1322 1740 τ.
1345 1699 1405 1753 λ.]
1441 1699 1518 1740 Est
1549 1699 1616 1739 hle
1646 1712 1843 1753 prosopo-

322 1759 443 1813 poeia
470 1759 636 1799 mimica
663 1764 706 1798 et
735 1757 895 1797 ironica
922 1757 1043 1797 amici
1073 1756 1311 1796 excusantis
1345 1755 1525 1795 Midian]
1553 1770 1647 1795 cum
1678 1754 1843 1794 inimico

323 1830 418 1855 eum
445 1820 668 1855 accusante
696 1813 918 1867 loquentis.
986 1813 1159 1852 Amicus
1191 1812 1350 1852 Midiae
1379 1812 1466 1852 sic:
1498 1812 1679 1863 μεγάλην
1706 1811 1751 1860 νὴ
1775 1810 1841 1850 Δί’

323 1870 435 1923 ὦφλε
457 1873 634 1921 δίκην-.
668 1869 861 1910 Occurrit
882 1868 1070 1908 inimicus
1095 1868 1278 1908 Midiae:
1313 1869 1420 1908 ἀλλὰ
1441 1869 1651 1920 χιλίων-.
1683 1867 1844 1906 Rursus

323 1927 504 1967 amicus:
539 1927 640 1966 πάνυ
662 1940 721 1978 γε·
756 1927 863 1965 ἀλλὰ
892 1925 1022 1965 δάκνει
1052 1926 1113 1964 καὶ
1135 1928 1318 1964 τοῦτο-.
1353 1923 1597 1977 Respondet
1622 1922 1841 1962 inimicus:

325 1983 414 2022 ἀλλ’
439 1984 726 2034 αὐθημερόν-.
760 1981 956 2021 REISK.

380 2038 694 2090 μεγάλην-τῶν
725 2037 899 2089 dvi-com]
939 2036 1064 2076 Hanc
1101 2050 1184 2075 non
1221 2050 1310 2076 esse
1347 2034 1732 2088 interrogationem,
1771 2034 1843 2073 sed

322 2095 541 2145 ὑποφοράν,
565 2093 692 2133 61111111
712 2093 889 2132 formula
912 2093 956 2141 νὴ
980 2095 1058 2131 Δία
1079 2092 1276 2131 ostendit.
1316 2091 1446 2130 Recte
1469 2090 1599 2142 igitur
1620 2090 1844 2130 Buttman-

323 2164 402 2188 nus
432 2149 589 2189 amovit
621 2149 785 2202 signum
815 2147 1112 2201 interrogandi.
1148 2148 1298 2187 SCHA
1309 2147 1398 2185 EF.
1462 2143 1636 2200 Signum
1666 2146 1844 2186 interro-

323 2205 450 2259 gandi
472 2205 512 2243 in
536 2205 598 2244 ed.
621 2219 713 2244 mea
735 2217 799 2242 me
822 2204 987 2243 nolente
1008 2203 1221 2242 remansit.

381 2273 478 2313 543,
504 2261 538 2299 8.
563 2263 658 2312 φαίη
687 2277 743 2301 τις
772 2260 837 2312 ἂν]
866 2259 1037 2298 Mallem
1065 2259 1167 2298 haec
1200 2259 1423 2298 abessent:
1457 2257 1762 2310 videndumque
1791 2272 1843 2297 ne

326 2320 370 2356 et
390 2316 481 2369 ipsa
501 2330 522 2355 e
544 2316 731 2369 margine
753 2315 1012 2368 irrepserint.
1051 2314 1302 2354 SCHAEF.

380 2385 482 2425 543,
505 2386 541 2423 9.
573 2373 738 2424 συνέβη]
773 2371 888 2410 Ordo
916 2371 1148 2419 verborum,
1179 2370 1328 2420 συνέβη
1358 2371 1398 2408 δὲ
1431 2369 1530 2423 αὐτῷ
1562 2373 1701 2409 λαθεῖν
1732 2384 1844 2420 γενο-

325 2427 429 2480 μένῳ
451 2428 675 2480 ὑπερημέρῳ
698 2431 730 2466 ὃ.
753 2443 784 2466 τ.
808 2428 843 2466 ἀ.
879 2426 1128 2465 SCHAEF.

382 2496 482 2536 543,
509 2495 570 2522 12.
595 2483 662 2522 τὸν
684 2481 908 2536 ἄνθρωπον]
935 2482 1191 2522 Stratonem.

383 2550 479 2592 543,
507 2552 569 2591 13.
595 2540 701 2578 ἀλλὰ
722 2539 772 2587 μή
794 2555 852 2576 πω
874 2538 1003 2590 τοῦτο]
1033 2539 1139 2576 ἀλλὰ
1166 2536 1277 2586 μήπω
1301 2539 1420 2575 ταῦτα
1448 2551 1488 2589 p.
1513 2548 1608 2588 403,
1635 2546 1698 2584 27.
1762 2533 1844 2573 Sed

325 2609 365 2647 p.
403 2605 495 2647 259,
535 2607 593 2634 12.
631 2593 720 2633 ἀλλ’
759 2595 862 2634 οὔπω
903 2593 991 2642 περὶ
1031 2594 1187 2632 τούτων.
1250 2591 1484 2644 Utriusque
1523 2590 1724 2630 formulae
1761 2604 1843 2628 non

326 2650 471 2689 eadem
501 2649 777 2703 significatio:
810 2663 907 2688 nam
935 2648 1003 2688 illa
1031 2648 1146 2701 prior
1174 2652 1301 2694 vetat.
1332 2647 1433 2686 haec
1464 2645 1672 2699 posterior
1699 2649 1839 2698 negat.

326 2706 396 2745 Ad
419 2706 530 2745 illam
552 2705 775 2744 subaudias
799 2705 976 2754 εἰρήσθω7
999 2704 1054 2743 ad
1076 2704 1182 2743 hanc
1204 2702 1374 2742 λεκτέον.
1411 2702 1672 2741 SCHAEF.

381 2774 482 2814 543,
511 2774 571 2809 14.
593 2761 662 2809 τὴν
683 2761 732 2809 μὴ
755 2760 893 2812 οὖσαν]
914 2759 1168 2810 Ἀντιλαχεῖν
1190 2759 1259 2807 τὴν
1283 2758 1334 2807 μὴ
1360 2759 1482 2796 οὖσαν
1505 2757 1590 2795 scil.
1614 2758 1721 2805 δίκην
1743 2754 1843 2795 (lici-

326 2821 397 2854 tur
424 2831 519 2855 reus
543 2830 638 2855 cum
667 2815 911 2868 exceptione
939 2815 1028 2867 agit
1058 2815 1256 2854 adversus
1285 2812 1550 2860 sententiam,
1572 2825 1746 2864 eamque
1767 2824 1843 2864 pro

328 2871 438 2911 nulla
460 2871 605 2911 haberi
628 2871 728 2919 vult,
751 2876 799 2910 ut
821 2884 926 2923 quae
949 2870 1004 2909 sit
1024 2869 1250 2922 illegitima.
1287 2867 1366 2906 SP

383 2939 478 2978 543,
509 2938 568 2977 17.
593 2926 791 2979 ἀτίμητον]
816 2925 1128 2979 Harpocration
1148 2940 1155 2963 ε
1190 2925 1209 2963 ὁ
1233 2924 1411 2973 ἀτίμητος
1436 2924 1553 2974 ἀγὼν,
1578 2922 1606 2976 ᾧ
1628 2923 1843 2974 πρόσεστιν
