1997 3256
1005 755 1200 801 XXVI.

490 916 888 967 ADVERSUS
934 914 1584 967 ARISTOGITONEM
1630 916 1705 967 ΙΙ.

898 1075 1282 1103 -4—

396 1210 489 1255 801.
512 1224 552 1261 4.
577 1209 844 1262 βλάπτεσθαι]
869 1209 1071 1263 Taylorus
1092 1209 1210 1250 malit
1235 1209 1408 1259 μάλιστα
1428 1209 1690 1259 βλάπτεσθαι.
1734 1209 1855 1260 Quod

337 1265 455 1305 facile
491 1267 640 1306 ferrem
677 1272 720 1306 et
761 1266 989 1319 reciperem
1024 1265 1163 1313 etiam,
1202 1265 1235 1305 si
1271 1265 1434 1305 codices
1471 1266 1647 1306 darent:
1686 1266 1854 1305 omnino

337 1327 478 1361 tamen
503 1322 782 1362 necessarium
803 1337 885 1361 non
907 1327 1051 1375 putem
1073 1336 1175 1362 esse.
1209 1322 1406 1361 REISK.

397 1379 490 1425 801,
520 1392 580 1418 12.
614 1379 816 1419 Deleatur
847 1392 1009 1418 comma
1039 1384 1135 1431 post
1167 1379 1474 1429 ἁμαρτημάτωνῑ
1507 1377 1713 1432 genitivus
1744 1378 1854 1417 enim

338 1435 491 1488 pendet
513 1449 538 1474 a
559 1434 748 1488 proximo
771 1435 806 1474 ἅ.
854 1434 1023 1474 Monuit
1046 1433 1303 1474 Sehaeferus.

398 1492 494 1538 801,
519 1503 583 1529 22.
608 1496 686 1532 τοῖς
709 1492 921 1540 μὲν-τοῖς
943 1490 990 1544 δ’]
1019 1491 1258 1545 Utrumque
1280 1495 1358 1532 τοῖς
1387 1490 1569 1544 intellige
1595 1490 1646 1530 de
1674 1489 1854 1542 injustis,

351 1560 514 1599 luorum
542 1546 645 1586 alios
666 1547 849 1587 vindicta
869 1552 1036 1587 maneat
1066 1547 1210 1595 serior,
1231 1546 1300 1586 alii
1322 1547 1514 1600 protinus
1536 1546 1732 1600 puniendi
1755 1545 1852 1585 sint.

338 1602 518 1642 Dativus
540 1608 602 1643 est
625 1618 746 1656 quem
767 1603 888 1657 vulgo
910 1603 1054 1642 dieunt
1076 1603 1337 1642 incommodi.
1374 1603 1527 1643 SCHA
1538 1602 1627 1642 EF.

395 1659 489 1704 801,
516 1671 578 1710 24.
616 1661 849 1710 περιμεῖναι]
893 1659 940 1698 In
977 1659 1040 1699 ed.
1073 1659 1229 1699 Aldina
1264 1659 1453 1699 additum
1490 1659 1533 1698 τὸ
1570 1660 1851 1707 ἐκδικούμενον,

337 1715 448 1768 quod
471 1715 518 1754 B.
542 1714 583 1754 in
606 1715 792 1769 margine
814 1716 941 1755 habet
965 1715 1051 1754 sine
1078 1721 1179 1755 nota
1202 1730 1283 1768 quo
1306 1715 1528 1769 pertineat.
1551 1715 1757 1769 glossema
1778 1720 1852 1754 aut

335 1771 493 1811 variam
526 1771 745 1812 lectionem
776 1772 829 1811 ad
861 1771 1096 1825 proximum
1132 1772 1170 1811 τὸ
1208 1773 1523 1823 τιμωρησόμενον
1559 1785 1648 1811 esse
1684 1771 1852 1825 conjicit

337 1827 543 1868 Reiskius.

394 1885 488 1931 801,
514 1897 579 1936 27.
601 1885 696 1935 ὑπὲρ
718 1886 812 1934 ὑμᾶς
833 1886 1005 1936 φρονῶν]
1032 1884 1191 1938 »Spiritu
1211 1898 1329 1937 super
1350 1897 1412 1923 vos
1432 1883 1570 1924 elatus.
1611 1883 1852 1937 Xenophon

336 1939 485 1994 Cyrop.
513 1941 548 1988 8,
575 1951 611 1993 7,
634 1954 674 1994 3.
703 1941 949 1980 οὐδεπώποτε
978 1941 1039 1980 ἐπὶ
1061 1945 1142 1983 ταῖς
1169 1941 1359 1992 εὐτυχίαις
1384 1941 1480 1991 ὑπὲρ
1503 1941 1707 1991 ἄνθρωπον
1733 1942 1850 1990 ἐφρό-

336 2013 451 2046 νησα.
504 1996 723 2036 Delnonax
745 1997 786 2036 in
810 1996 1009 2037 Brunekii
1034 1996 1310 2037 Monostiehis
1331 2011 1366 2035 v.
1392 2009 1485 2037 202.
1516 1996 1665 2046 Θνητοὶ
1685 2000 1853 2048 γεγῶτες

334 2052 385 2102 μὴ
418 2052 590 2104 φρονεῖθ’
622 2054 718 2102 ὑπὲρ
751 2054 874 2095 θεούς.
927 2053 990 2093 De
1023 2067 1104 2106 quo
1136 2067 1255 2093 versu
1287 2068 1322 2092 v.
1348 2052 1440 2093 Ind.
1471 2053 1525 2092 ad
1555 2052 1674 2093 Poet.
1699 2053 1847 2092 Gnom.

334 2123 374 2161 p.
398 2109 496 2161 368.
533 2108 782 2149 SCHAEF.

394 2165 488 2212 802,
512 2166 551 2204 6.
587 2167 640 2206 εἰς
665 2164 826 2215 ’Ἄρειον
860 2164 1003 2217 πάγον]
1046 2165 1093 2204 In
1130 2166 1239 2204 hune
1276 2164 1385 2204 enim
1420 2164 1732 2205 thesmothetae
1767 2179 1851 2205 ma-

333 2219 513 2274 gistratu
536 2220 802 2261 laudabiliter
822 2221 952 2260 functi
975 2221 1297 2274 recipiebantur.
1345 2221 1398 2261 V.
1420 2222 1474 2261 ad
1496 2236 1536 2274 p.
1562 2232 1655 2274 707,
1678 2235 1716 2275 5.

393 2278 486 2325 802,
523 2279 584 2316 16.
622 2276 1177 2331 Ἀριστείδην-κατεδέξατο]
1219 2277 1275 2316 V.
1317 2277 1521 2317 Herodot.
1562 2279 1597 2324 8,
1633 2279 1698 2317 81.
1756 2276 1850 2316 Plu-

333 2333 464 2372 tarch.
497 2333 549 2372 V.
583 2333 758 2372 Aristid.
797 2347 817 2372 e
865 2334 900 2372 8.
948 2338 989 2373 et
1026 2333 1205 2374 Clinton.
1242 2333 1361 2374 Fasti
1401 2333 1562 2374 Hellen.
1596 2333 1649 2373 ad
1686 2333 1849 2387 Olymp.

337 2401 400 2440 74.
429 2402 461 2428 2.

392 2446 485 2492 802,
516 2447 575 2484 18.
601 2446 847 2498 κατεδέξατο]
880 2446 1057 2500 Proprio
1079 2461 1156 2485 usu
1179 2446 1230 2486 de
1255 2446 1477 2491 exsulibus.
1503 2445 1571 2500 qui
1594 2445 1849 2500 postliminio

334 2500 374 2539 in
397 2501 578 2554 patriam
599 2501 869 2555 recipiuntur.
905 2503 1162 2542 sCHAEF.

391 2558 932 2612 Μιλτιάὸην-πεντήκοντα]
958 2559 1070 2599 Plut.
1099 2559 1144 2598 V.
1169 2559 1351 2599 Cimonis
1381 2573 1414 2598 c.
1439 2574 1478 2610 4.
1514 2559 1732 2608 Μιλτιάδης
1760 2575 1849 2598 πεν-

333 2613 496 2661 τήκοντα
521 2614 725 2653 ταλάντων
748 2616 885 2665 ὀφλὼν
908 2616 1014 2664 δίκην
1043 2617 1103 2655 καὶ
1125 2615 1220 2665 πρὸς
1245 2616 1314 2664 τὴν
1337 2616 1482 2655 ἔκτισιν
1505 2615 1670 2666 εἱρχθεὶς
1698 2615 1849 2654 ἐτελεύ-

333 2685 451 2717 τησεν
474 2671 516 2708 ἐν
537 2672 587 2723 τῷ
611 2673 868 2724 δεσμωτηρίῳ.

392 2725 885 2779 Περικλέα-τριάκοντα]
916 2726 979 2766 De
1010 2727 1087 2767 hoc
1120 2727 1297 2766 videnda
1328 2726 1514 2766 narratio
1547 2726 1763 2766 Plutarchi
1792 2726 1846 2766 V.

334 2779 505 2820 Periclis
527 2796 559 2820 e.
585 2794 651 2834 35.
676 2796 725 2821 ex
748 2796 830 2834 qua
855 2782 1050 2823 discimus
1080 2797 1160 2822 non
1189 2783 1426 2823 constitisse
1455 2783 1506 2821 de
1533 2782 1714 2822 mulctae
1740 2796 1862 2826 sum-,

331 2850 410 2878 ma,
444 2836 534 2876 aliis
568 2837 800 2890 quindecim
833 2838 1059 2884 minimum,
1091 2839 1181 2878 aliis
1218 2838 1523 2892 quinquaginta
1556 2838 1608 2878 ad
1643 2853 1847 2878 summum

331 2892 584 2932 talentaruin
607 2907 697 2932 eam
720 2893 846 2933 fnisse
867 2895 1147 2934 tradentibus.
1211 2895 1397 2934 Medium
1419 2894 1547 2948 igitur
1567 2895 1704 2934 tenuit
1726 2895 1848 2947 hujus

333 2947 532 2986 orationis
555 2949 734 3001 seriptor
754 2950 927 3002 triginta
951 2965 1120 3003 ponens.
