1997 3256
328 148 411 192 902
663 139 988 183 ADVERSUS
1021 136 1514 178 ARISTOORATEM.

385 253 480 304 630,
506 249 569 290 28.
593 247 771 301 χρήματα
796 244 957 300 ἄποινα]
990 244 1056 285 Sic
1085 242 1279 284 Reiskius
1311 257 1360 283 ex
1391 241 1560 282 Theone
1585 240 1611 281 l.
1633 254 1667 281 0.
1694 254 1771 294 pro
1797 255 1846 281 eo

327 307 438 362 quod
469 306 510 345 in
546 304 663 345 libris
696 308 760 344 est
796 304 938 343 ἄποιυα
968 301 1171 353 χρήματαῑ
1204 299 1314 339 1111(10
1344 299 1385 338 111
1417 297 1598 338 Bekkeri
1628 311 1846 350 meamque

330 363 556 404 editionem
605 359 787 409 transiit,
828 372 895 398 me
936 357 1103 411 quidem
1143 356 1322 396 nolente.
1385 355 1494 395 Nam
1542 358 1655 394 recte
1691 354 1847 394 habere

327 420 530 460 librorum
561 417 813 470 scripturam
840 415 928 468 jam
958 414 1000 453 in
1030 412 1293 466 praefatione
1324 411 1517 451 editionis
1549 410 1776 464 Lipsiensis
1809 425 1847 450 a.

332 477 453 530 1825.
475 490 515 528 p.
547 488 608 514 10.
630 472 898 513 ostenderam
920 470 1073 510 collato
1096 469 1295 522 Xenoph.
1320 468 1450 507 Mem.
1465 481 1503 521 3,
1526 481 1589 517 14,
1609 479 1645 519 7.
1670 468 1785 519 ἔλεγε
1807 469 1849 506 δὲ

329 533 392 573 καὶ
421 533 469 573 ὡς
499 531 542 570 τὸ
570 530 804 582 εὐωχεῖσθαι
835 529 878 567 ἐν
909 529 954 582 τῇ
974 525 1194 576 Ἀθηναίων
1222 525 1375 578 γλώττῃ
1402 525 1548 563 ἐσθίειν
1577 528 1747 571 καλοῖτο,
1778 523 1850 563 ubi

329 588 525 629 Reiskius
561 586 652 640 pari
687 599 826 625 errore
862 582 1167 636 transponebat
1202 582 1245 621 τὸ
1276 582 1423 620 ἐσθίειν
1456 581 1498 619 ἐι]
1532 582 1576 634 τῇ
1604 579 1665 620 Ἀ.
1697 580 1850 630 γλώττῃ

330 646 575 698 εὐωχεῖσθαι.
625 642 726 682 Lex.
750 641 858 680 rhet.
881 640 923 679 in
945 639 1076 679 Bekk.
1102 637 1263 678 Anecd.
1286 652 1326 690 p.
1354 649 1446 685 221,
1472 637 1537 676 26.
1567 638 1587 675 ὁ
1611 637 1650 675 δὲ
1673 636 1851 676 Βάταλος

331 704 508 742 ἐκαλεῖτο
539 702 643 751 παρὰ
673 702 753 740 τοῖς
784 700 967 738 παλαιοῖς
997 696 1183 745 μαλακός.
1245 694 1443 735 Ceterum
1479 692 1676 732 Dobraeo
1712 697 1851 732 totum

329 759 408 798 hoc
450 760 498 797 τὰ
536 755 836 808 γὰρ-παλαιοί
883 758 930 793 111
971 751 1214 805 interpretis
1255 749 1591 790 additamentum
1631 748 1851 788 delendum

331 814 567 854 videbatur.

389 872 484 924 631,
511 883 547 908 1.
581 869 641 909 καὶ
677 868 745 908 τὸν
782 866 1000 918 ἑαλωκότα]
1040 864 1073 904 Ι.
1095 877 1130 904 0.
1166 862 1405 903 homicidam
1436 875 1595 916 eumque
1627 861 1754 910 talem,
1784 860 1853 914 qui

317 927 412 979 jam
433 926 630 966 convictus
650 924 713 964 sit.
747 922 999 964 SCHAEF.

389 984 483 1036 631,
501 993 540 1035 5.
559 979 824 1033 ὁδε-εἴρηκε]
842 979 987 1019 Citant
1004 976 1162 1016 Anecd.
1182 975 1314 1015 Bekk.
1338 990 1378 1029 p.
1402 975 1491 1029 138,
1512 985 1574 1029 15.
1600 973 1851 1014 SCHAEF.

389 1041 487 1091 631,
521 1039 583 1078 16.
623 1036 888 1088 ὃς-ἔλαβες]
927 1034 1125 1074 Refertur
1160 1046 1389 1086 pronomen
1425 1032 1479 1071 ad
1519 1030 1852 1071 enunciationem

330 1094 614 1141 remotiorem„
646 1099 693 1133 ut
730 1093 771 1132 in
804 1091 1003 1144 exemplis
1038 1089 1240 1129 similibus
1271 1089 1325 1129 ab
1361 1088 1650 1129 Schoemanno
1687 1101 1852 1140 compa-

332 1151 436 1192 ratis
463 1151 518 1191 ad
548 1150 715 1190 Isaeum
750 1163 790 1202 p.
822 1160 916 1198 242.
979 1146 1100 1198 Quod
1130 1159 1257 1199 quum
1289 1145 1465 1199 fugisset
1496 1143 1724 1191 Reiskium‚
1751 1142 1774 1193 ἢ
1804 1143 1853 1182 σὺ

332 1211 470 1248 τοῦτον
493 1206 559 1247 τὸν
582 1207 727 1257 τρόπον
749 1203 874 1244 scribi
896 1203 1038 1243 voluit.

391 1266 486 1318 631,
512 1276 576 1303 21.
601 1262 748 1312 εὐ-τῇ
774 1260 1033 1314 προσηγορίᾳ]
1070 1258 1119 1297 111
1145 1273 1195 1298 ea
1219 1262 1341 1311 parte
1366 1256 1469 1311 legis
1497 1262 1607 1303 tuae„
1631 1271 1713 1311 qua
1740 1255 1854 1296 illum

332 1320 516 1374 appellas
539 1325 581 1359 et
604 1317 763 1363 definis,
788 1331 910 1371 quem
932 1332 955 1356 a
977 1322 1051 1356 tua
1072 1315 1162 1369 lege
1185 1313 1319 1368 puniri
1343 1313 1416 1352 vis.
1451 1312 1645 1353 REISK.

391 1379 488 1431 631,
515 1388 578 1429 27.
612 1375 826 1427 NOMOE]
856 1373 954 1412 Vid.
990 1371 1218 1412 Salmasius
1252 1371 1302 1410 de
1335 1385 1446 1409 usur.
1477 1370 1602 1410 modo
1632 1384 1672 1423 p.
1699 1371 1781 1424 769
1813 1373 1855 1409 et

334 1445 428 1485 770.
458 1432 670 1472 Heraldus
696 1446 734 1481 4.
764 1445 797 1470 c.
825 1443 864 1484 5.
892 1442 1053 1483 11300.
1107 1427 1238 1467 Ρο1111
1272 1427 1371 1481 Leg.
1400 1427 1534 1467 Attio.
1562 1438 1598 1477 7,
1628 1439 1660 1466 1.
1695 1440 1735 1479 p.
1758 1427 1853 1465 612.

333 1489 549 1530 Matthiae
573 1489 624 1528 de
641 1486 809 1541 judiciis
830 1501 868 1540 p.
899 1486 988 1540 158.
1050 1484 1196 1524 Ε1111111
1224 1484 1326 1523 111100
1355 1483 1421 1522 1οΧ
1447 1486 1640 1523 accurate
1662 1486 1764 1536 apta
1791 1486 1855 1522 est

332 1545 612 1593 antecedenti,
637 1543 842 1597 siquidem
870 1542 939 1582 illa·
969 1541 1220 1581 homicidam
1251 1540 1363 1580 intra
1393 1540 1497 1579 fines
1527 1539 1690 1593 patriae
1721 1552 1856 1578 rever-

333 1617 424 1642 sum
456 1601 588 1642 occidi
611 1601 746 1654 jubet,
770 1600 872 1640 111100
903 1599 946 1638 111
973 1597 1193 1652 peregrina
1219 1602 1334 1637 terra
1358 1596 1557 1645 exulanti,
1581 1595 1614 1635 si
1634 1596 1725 1635 foro
1747 1594 1857 1634 00111-

331 1659 463 1706 mitio,
487 1657 785 1698 certaminibus
807 1660 849 1696 et
877 1655 1007 1695 sacris
1030 1652 1390 1707 Amphictyonicis
1415 1652 1641 1699 abstineat,
1666 1666 1857 1692 securum

332 1720 375 1755 et
404 1720 545 1755 tutum
572 1713 806 1768 perfugium
834 1711 1065 1766 pollicetur.
1128 1710 1239 1750 Cura
1267 1709 1495 1749 homicidas
1516 1708 1686 1749 arcendi
1714 1723 1740 1748 a
1761 1722 1856 1748 con-

332 1772 526 1812 ventibus
554 1770 742 1824 publicis,
766 1769 836 1822 qui
865 1774 987 1809 extra
1014 1768 1117 1808 fines
1145 1766 1308 1821 patriae
1336 1766 1614 1814 habebantur,
1637 1766 1690 1805 ab
1718 1765 1856 1818 aequi-

331 1833 423 1868 tate
450 1832 490 1868 et
513 1827 671 1881 pietate
698 1828 887 1880 prosecta
914 1830 1001 1865 est:
1039 1838 1122 1863 non
1150 1837 1271 1877 posse
1298 1822 1582 1876 opinabantur
1603 1827 1765 1861 veteres
1792 1836 1857 1861 oc-

332 1884 509 1924 cisorem
525 1884 595 1937 jus
617 1884 772 1923 habere
792 1882 842 1922 iis
869 1882 911 1921 in
932 1881 1034 1921 locis
1055 1879 1261 1927 versandi,
1286 1893 1463 1933 quorum
1489 1878 1556 1918 ille
1578 1893 1654 1917 usu
1676 1877 1857 1917 alterum

333 1941 421 1994 ipse
453 1940 665 1981 caedendo
698 1938 900 1993 privarit;
934 1937 971 1978 ei
1007 1937 1040 1977 si
1076 1937 1199 1976 liceat
1233 1935 1290 1976 ibi
1322 1934 1490 1983 versari,
1523 1949 1606 1974 non
1636 1933 1856 1988 propitiari

331 2012 474 2037 manes
506 1996 627 2036 occisi
659 2010 811 2049 eosque
843 1995 961 2040 adeo,
994 1999 1043 2034 ut
1076 1994 1200 2034 Plato
1234 1992 1334 2047 Leg.
1365 2006 1402 2046 9.
1433 2006 1473 2045 p.
1503 1992 1599 2044 865.
1632 1990 1858 2030 secundum

333 2058 517 2094 veterem
547 2052 731 2092 fabulam
765 2052 906 2097 refert,
941 2051 1168 2090 occisorem
1201 2063 1334 2095 suum,
1368 2048 1402 2087 si
1440 2050 1483 2087 ἐν
1515 2052 1596 2089 τοῖς
1631 2047 1745 2097 ἤθεσι
1776 2051 1858 2089 τοῖς

333 2113 400 2159 τῆς
422 2111 559 2148 ἑαυτοῦ
581 2109 789 2158 συνηθείας
811 2108 1158 2157 ἇι1αστρεφόμειΌυ
1180 2105 1370 2153 viderint,
1390 2103 1622 2145 terroribus
1643 2117 1794 2143 vexare
1815 2107 1859 2143 et

334 2166 616 2209 conturbare;
670 2170 892 2217 praeterea
932 2163 1021 2215 ejus
1061 2162 1311 2216 praesentia,
1350 2176 1432 2214 qua
1468 2160 1675 2199 violentur
1725 2174 1856 2205 sacra,

334 2222 433 2261 deos
465 2220 586 2260 irasci
618 2226 659 2260 et
691 2220 879 2259 homines
908 2219 1034 2273 pollui
1066 2218 1315 2272 contagione
1349 2216 1540 2257 sceleris:
1574 2216 1667 2256 ideo
1698 2215 1813 2255 illum
1833 2230 1860 2256 a

334 2278 430 2317 sede
465 2277 639 2331 piorum,
680 2283 721 2316 et
764 2282 886 2316 coetu
928 2275 1183 2328 concilioque
1225 2274 1437 2313 hominum
1469 2272 1720 2327 abigendum
1753 2286 1857 2312 esse.

336 2334 523 2374 Primam
555 2348 606 2372 ex
637 2332 701 2372 his
733 2331 891 2373 caussis
922 2337 1066 2372 orator
1097 2331 1203 2371 infra
1232 2346 1270 2385 p.
1298 2333 1322 2369 6
1327 2342 1379 2385 32
1403 2345 1463 2383 sq.
1496 2329 1583 2383 ipse
1615 2328 1859 2382 expromsit.

339 2390 574 2429 WEBER.

393 2448 487 2499 631,
514 2447 578 2485 28.
609 2444 706 2485 Ἐάν
742 2462 798 2487 τις
833 2445 901 2484 τὸυ
933 2445 1178 2496 ἀνδροφόιόν
1216 2444 1360 2497 κτείνῃ]
1403 2441 1486 2481 His
1517 2440 1654 2481 verbis
1690 2440 1859 2481 caedem

336 2502 562 2556 significari
590 2501 870 2541 voluntariam
891 2505 1085 2554 apertum
1107 2506 1184 2540 est.
1247 2500 1384 2550 Quare
1411 2508 1553 2538 errant
1577 2497 1646 2551 qui
1670 2497 1861 2551 Ephetas

331 2559 542 2613 judicasse
574 2562 738 2612 putantq
772 2557 805 2597 si
837 2557 928 2611 quis
960 2557 1128 2596 caedem
1160 2556 1323 2596 fecisset
1356 2555 1596 2608 imprudens
1628 2553 1691 2593 101
1722 2553 1860 2593 caedis

337 2630 529 2655 caussam
556 2614 831 2668 praebuisset,
856 2613 1141 2666 Areopagitas
1171 2627 1268 2652 vero
1297 2611 1405 2651 solos
1434 2611 1484 2650 de
1515 2610 1640 2650 caede
1669 2609 1860 2649 consulto

336 2672 451 2711 facta
472 2670 723 2724 cognovisse.
768 2669 861 2709 Non
884 2684 974 2710 esse
996 2683 1135 2709 veram
1157 2669 1281 2708 istam
1304 2667 1616 2707 distinctionem
1635 2666 1859 2720 apparebit

339 2727 466 2768 etiam
497 2727 675 2771 aliunde,
698 2726 824 2766 veluti
857 2726 902 2771 si.,
933 2740 1038 2780 quae
1069 2740 1136 2765 res
1165 2724 1367 2778 capitales
1398 2725 1459 2763 ἐπὶ
1488 2725 1691 2776 Δελφινίῳ
1723 2728 1766 2762 et
1797 2723 1860 2762 ἐπὶ

338 2788 534 2834 Φρεαττοῖ
551 2784 606 2823 ab
630 2782 807 2836 Ephetis
825 2782 1039 2836 judicatae
1067 2781 1162 2829 sint,
1187 2779 1611 2823 consideraverimus2
1646 2778 1726 2818 illic
1748 2778 1859 2818 enim

339 2839 450 2879 inter
485 2839 586 2878 alios
623 2852 813 2878 caussam
849 2839 1045 2878 dicebant
1079 2838 1120 2885 11,
1150 2837 1219 2890 qui
1247 2837 1340 2890 jure
1377 2850 1419 2875 se
1457 2835 1656 2875 occidisse
1689 2839 1858 2875 conten-

339 2895 500 2934 derant.
525 2895 658 2934 altero
687 2895 789 2942 1000,
818 2894 849 2933 si
880 2894 970 2947 quis
998 2893 1135 2933 caedis
1167 2908 1246 2932 non
1270 2891 1530 2931 voluntariae
1559 2905 1652 2930 reus
1681 2891 1856 2944 ideoque

343 2951 513 2991 exulans
535 2965 683 2991 noram
706 2950 894 2990 consulto
917 2949 1202 2989 commisisset.
1260 2949 1415 2988 Errant
1441 2962 1603 3001 quoque
1625 2947 1692 3000 qui
1715 2948 1856 2987 dicunt
