1997 3256
483 132 806 173 ADVERSUS
839 134 1320 175 ARISTOGRATEM.
1578 136 1661 177 903

147 236 428 290 Areopagitas
469 237 520 276 de
568 238 827 291 gravioribus
876 241 999 280 rebus
1050 239 1303 293 cognovisse,
1346 239 1397 279 de
1438 238 1659 279 levioribus

148 292 348 345 Ephetas,
371 307 499 345 quum
519 294 692 335 crimina
714 296 930 349 quaedam,
954 310 1060 350 quae
1080 296 1134 336 ad
1163 296 1311 335 horum
1331 296 1422 335 fora
1449 295 1658 334 deferren-

146 352 230 395 tur,
253 349 519 410 nonflminora
548 359 687 391 essent
709 367 832 405 quam
855 367 960 406 quae
981 353 1092 406 apud
1114 352 1205 391 illos
1231 356 1468 405 agerentur.
1516 351 1661 391 Verba

146 402 169 453 ἢ
192 406 311 445 αἴτιος
331 409 352 455 ᾐ
374 406 498 456 φόνου
526 406 711 447 indicant
741 408 896 448 crimen
923 410 1185 458 βουλεύσεως.
1210 422 1292 460 qua
1313 407 1404 460 quis
1431 421 1482 447 ex
1503 406 1661 447 insidiis

146 460 209 499 vel
248 460 329 500 alia
369 461 543 510 ratione,
581 477 664 502 non
704 464 884 504 admotis
924 464 1009 503 suis
1048 464 1251 510 manibus,
1291 463 1470 503 altorum
1511 477 1661 503 necare

146 516 321 556 studuit.
376 517 467 568 Quo
492 519 705 572 pertinent
727 522 851 560 verba
877 520 1047 560 Luciani
1071 519 1290 573 Tyrannio.
1313 533 1344 558 c.
1367 532 1427 558 12.
1452 520 1576 561 αἰτίας
1597 523 1663 558 θα-

147 572 263 612 νάτου
298 573 396 613 εἶναι
427 577 565 622 διττὰς,
599 577 634 615 εἴ
664 593 718 618 τις
751 577 864 617 αὐτὸς
897 577 1123 616 ἀπέκτεινεν
1154 575 1175 625 ἦ
1209 577 1245 614 εἴ
1276 592 1332 616 τις
1365 575 1416 624 μὴ
1449 575 1561 616 αὐτὸς
1589 576 1661 624 μὲν

146 628 350 669 ἀπέκτεινε
374 632 468 680 μηδὲ
490 634 534 680 τῇ
562 633 663 683 χειρὶ
685 633 826 683 ἔδρασε
855 635 898 671 τὸ
921 633 1048 683 ἔργον,
1071 632 1271 682 ἠνάγκασε
1302 632 1342 670 δὲ
1371 631 1433 670 καὶ
1460 630 1662 682 παρέσχεν

146 685 328 736 ἀφορμὴν
349 689 416 725 τοῦ
437 688 573 737 φόνου·
608 690 654 727 τὰ
676 690 744 728 ἵσα
767 689 828 727 καὶ
849 691 986 727 τοῦτον
1009 686 1114 736 ἀξιοῖ
1133 689 1152 725 ὁ
1177 688 1293 736 νόμος
1318 686 1433 726 αὐτὸν
1455 685 1660 725 ἀντικολά-

144 745 291 788 ζεσθαι.
314 747 357 781 et
380 741 570 782 Platonis
602 743 699 797 Leg.
725 758 762 797 9.
785 759 822 797 p.
849 745 928 794 872
953 744 1006 782 A.
1036 745 1105 782 ἐὰν
1127 744 1167 782 δὲ
1191 743 1369 794 αὐτόχειρ
1390 743 1464 791 μὲν
1483 741 1545 790 μὴ,
1568 745 1662 791 βου-

145 798 268 852 λεύσῃ
285 799 326 837 δὲ
344 798 513 838 θάνατόν
530 815 585 840 τις
606 801 729 841 ἄλλος
746 800 862 853 ἑτέρῳ
878 799 939 838 καὶ
960 802 1003 848 τῇ
1020 797 1214 849 βουλήσει
1234 814 1277 837 τε
1300 799 1361 837 καὶ
1384 798 1662 845 ἐπιβουλεύσει

146 853 376 895 ἀποκτείνας
394 855 512 896 αἴτιος
529 854 583 894 ὢν
606 856 667 895 καὶ
687 855 737 905 μὴ
755 855 921 906 καθαρὸς
941 855 1010 904 τὴν
1030 855 1166 906 ψυχὴν
1183 857 1250 893 τοῦ
1271 855 1394 905 φόνου
1418 855 1460 893 ἐν
1480 857 1524 903 τῇ
1546 854 1662 893 πόλει

145 910 287 964 ἐνοικῇ,
309 909 532 961 γιγνέσθων
554 912 615 950 καὶ
636 913 755 964 τούτῳ
779 914 874 951 κατὰ
895 911 1014 950 ταύτὰ
1036 913 1075 950 αἱ
1104 912 1247 960 κρίσεις
1272 911 1417 950 τούτων
1437 909 1535 961 πέρι.
1597 909 1661 949 De

145 964 224 1004 hoc
246 965 416 1005 crimine
432 966 643 1019 judicasse
666 967 854 1021 Ephetas
877 967 1031 1007 diserte
1053 966 1155 1006 dicit
1177 965 1463 1019 Harpocratio
1485 980 1516 1005 s.
1539 980 1575 1005 v.
1599 967 1661 1006 ἐπὶ

145 1023 388 1076 Παλλαδίῳε
423 1025 681 1074 δικαστήριον,
704 1023 907 1077 inquiens7
936 1026 979 1063 ἐν
1010 1022 1038 1078 ᾦ
1067 1023 1289 1072 δικάζουσιν
1320 1023 1505 1062 ἀκουσίου
1535 1023 1659 1073 φόνου

145 1078 206 1117 καὶ
225 1080 485 1126 βουλεύσεως,
509 1081 544 1119 οἱ
567 1079 715 1130 ἐφέται.
776 1080 836 1120 Cf.
861 1079 1145 1133 Harpocratio
1171 1079 1299 1118 etiam
1324 1092 1355 1118 s.
1378 1093 1413 1118 v.
1435 1079 1658 1127 βούλευσις,

143 1137 186 1173 et
210 1134 356 1174 Meier.
378 1140 421 1174 et
445 1135 718 1176 Schoemann.
741 1137 792 1176 de
812 1136 885 1176 lite
907 1137 1002 1176 Att.
1025 1151 1064 1189 p.
1088 1148 1169 1189 312
1193 1149 1306 1189 seqq.
1342 1134 1575 1173 WEBER.

201 1192 297 1244 631,
323 1203 388 1244 29.
420 1192 564 1243 ἀγορᾶς
595 1194 770 1246 ἐφορίας]
809 1192 1093 1246 Harpocratio
1125 1193 1289 1243 ἐφορίαν
1319 1190 1422 1230 mire
1458 1190 1662 1243 interpre-

145 1251 261 1287 tatus
282 1248 352 1297 τὴν
374 1249 436 1287 ἐπὶ
467 1252 542 1288 τῶν
563 1250 664 1300 ὅρων
685 1249 896 1300 γινομένην
917 1251 1203 1300 προαγόρευσιν
1224 1261 1365 1287 vocem
1395 1246 1556 1300 accepit
1586 1261 1663 1300 pro

144 1303 432 1344 substantivo:
468 1319 574 1357 quae
606 1305 801 1358 repetivit
836 1304 1016 1345 Photius
1049 1319 1080 1344 s.
1113 1319 1150 1344 v.
1185 1303 1387 1355 Ἐφορεία,
1422 1303 1490 1356 qui
1521 1303 1660 1356 paullo

143 1364 256 1408 ante,
281 1361 466 1411 ἐφορεία;
500 1362 624 1412 ἀγορὰ
643 1360 858 1411 Ἀθήνησιν
879 1363 974 1401 οὕτω
996 1360 1217 1412 λεγομένη;
1250 1360 1359 1399 unde
1391 1361 1534 1410 ἀγορᾶς
1564 1361 1660 1410 ἐφο-

143 1417 229 1467 ρίας
249 1416 312 1456 vel
333 1422 539 1457 commate
558 1417 620 1457 vel
643 1419 704 1457 καὶ
725 1417 932 1471 particula
953 1417 1204 1470 interposita
1226 1416 1460 1470 sejunctum
1482 1415 1522 1454 in
1544 1415 1661 1455 libris

145 1477 189 1512 et
223 1472 351 1513 MSS.
385 1477 427 1512 et
463 1473 599 1522 editis⁷
634 1478 724 1513 tum
759 1474 887 1514 etiam
919 1473 959 1512 in
994 1473 1134 1527 Etym.
1169 1473 1233 1512 M.
1256 1487 1297 1526 p.
1323 1484 1383 1519 12,
1408 1484 1467 1510 ’[Ο.
1500 1470 1661 1522 Ἀγορὰ,

145 1530 308 1580 ἐφορεία
338 1533 381 1569 et
411 1528 453 1568 in
487 1529 588 1570 Lex.
622 1530 746 1570 Rhet.
770 1530 811 1569 in
840 1529 1021 1570 Beklzeri
1051 1529 1211 1569 Anecd.
1243 1543 1282 1582 p.
1307 1540 1400 1578 204,
1422 1527 1492 1567 ubi
1513 1527 1662 1578 Ἀγορὰ

145 1586 207 1625 καὶ
230 1587 370 1637 ἐφορία
390 1586 593 1640 scriptum
615 1592 690 1635 est,
714 1600 966 1640 quamquam
994 1587 1076 1626 duo
1104 1585 1174 1626 isti
1204 1583 1478 1639 grammatici,
1503 1583 1572 1637 qui
1603 1583 1662 1622 in-

144 1645 436 1695 terpretantur
456 1644 478 1692 ἡ
500 1644 664 1684 σύνοδος
687 1644 707 1692 ἡ
729 1643 823 1694 πρὸς
843 1647 924 1684 τοῖς
946 1647 1088 1684 κοινοῖς
1115 1643 1218 1693 ὅροις
1245 1640 1430 1693 γινομένη
1453 1644 1528 1680 τῶν
1549 1641 1665 1679 ἀστυ-

144 1699 343 1749 γειτόνων,
366 1699 410 1738 οῧ
438 1701 475 1738 οἱ
505 1699 639 1749 ὅμοροι
670 1700 766 1748 ὁμοῦ
793 1700 993 1740 συνιόντες
1021 1699 1107 1749 περὶ
1128 1702 1204 1738 τῶν
1228 1701 1365 1736 κοινῶν
1387 1697 1660 1746 ἐβουλεύοντο,

144 1754 334 1808 sejuncta
365 1755 492 1795 verba
525 1769 608 1795 una
644 1755 812 1795 notione
849 1759 1142 1808 conceperunt.
1205 1753 1355 1793 Pollux
1387 1766 1424 1804 9,
1449 1754 1486 1801 8,
1509 1751 1579 1791 ubi
1611 1753 1663 1792 <le

144 1809 243 1850 locis
265 1816 385 1851 extra
407 1812 552 1851 urbem
574 1810 666 1851 sitis
687 1811 842 1865 agitur„
866 1811 976 1851 inter
996 1825 1066 1850 eos
1088 1813 1387 1850 commemorat
1411 1808 1540 1848 etiam
1572 1809 1665 1859 ἐφο-

143 1868 232 1917 ρίαν
253 1867 415 1918 ἀγοράν,
439 1868 510 1907 sed
533 1867 589 1907 ibi
612 1882 775 1921 quoque
797 1867 838 1906 in
864 1867 958 1907 MS.
978 1868 1118 1917 ἐφορία
1139 1871 1182 1906 et
1204 1867 1328 1918 ἀγορὰ
1349 1864 1530 1905 diremta
1552 1869 1662 1905 sunt.

145 1922 260 1963 Bene
280 1938 376 1963 vero
408 1923 651 1964 scholiastes
681 1923 775 1963 libri
810 1923 1050 1964 Bodleiani:
1082 1925 1177 1965 ἴσως
1208 1923 1351 1973 ἀγορᾶς
1381 1923 1541 1972 ἐφορίας
1570 1922 1663 1961 ἄνευ

144 1981 398 2031 ὑποστιγμῆς,
422 1981 481 2019 ὅτι
503 1981 546 2019 ἐν
567 1985 646 2021 τοῖς
668 1981 786 2031 ὁρίοις
808 1981 946 2031 ἀγοραὶ
973 1981 1283 2030 συνηθροίζοντο.
1324 1977 1405 2017 Est
1426 1977 1561 2016 forum
1583 1976 1663 2016 col-

144 2035 350 2084 limitium,
383 2050 464 2089 quo
495 2036 735 2089 frequentes
771 2036 1019 2089 populorum
1053 2035 1326 2075 finitimorum
1358 2033 1481 2074 statis
1516 2033 1663 2072 diebus

146 2107 236 2132 esse
267 2097 493 2132 conventus
526 2093 728 2132 solebant.
791 2093 1030 2132 Mercatum
1061 2091 1119 2131 ibi
1148 2091 1275 2131 fuisse
1306 2094 1362 2137 et,
1387 2088 1498 2143 quod
1522 2089 1662 2142 Etym.

149 2149 210 2188 M.
226 2148 337 2196 dicit,
360 2148 546 2188 actiones
567 2149 767 2201 publicas„
790 2150 968 2189 sortasse
989 2147 1117 2188 etiam
1137 2147 1268 2194 ludos,
1285 2161 1307 2187 e
1328 2145 1530 2185 similibus
1552 2145 1663 2199 apud

147 2205 251 2245 alios
287 2205 492 2245 institutis
529 2206 732 2259 conjicere
768 2205 876 2245 licet.
941 2205 995 2244 V.
1020 2204 1166 2257 Polyb.
1189 2217 1228 2257 5,
1253 2204 1289 2242 8.
1335 2201 1508 2256 Dionys.
1534 2202 1586 2241 A.
1610 2201 1661 2241 R.

146 2275 186 2311 4,
211 2273 277 2315 25.
310 2261 496 2315 Thueyd.
520 2275 559 2314 3,
582 2275 671 2312 ¹04·
735 2261 1006 2301 Manifestum
1028 2269 1169 2300 autem
1191 2264 1255 2299 est
1276 2273 1358 2299 non
1379 2272 1500 2312 posse
1522 2259 1665 2310 ἀγορᾶς

147 2332 222 2371 per
243 2331 286 2357 se
308 2323 431 2365 stare,
457 2318 552 2371 qnia
574 2322 664 2357 >tum
695 2318 831 2357 forum
862 2317 976 2356 urbis
1008 2316 1320 2370 intelligendum
1351 2319 1460 2354 esset
1482 2328 1530 2353 eo
1561 2314 1663 2362 loco,

147 2373 218 2414 ubi
253 2374 303 2413 de
338 2374 544 2414 homicida
577 2379 699 2413 extra
731 2374 834 2412 fines
866 2373 1028 2426 patriae
1059 2372 1221 2412 vivente
1256 2371 1423 2424 agitur;
1458 2384 1591 2423 neque
1623 2369 1665 2408 in

148 2429 423 2483 explicatione
458 2429 559 2482 legis
596 2429 679 2469 ulla
715 2429 763 2468 fit
799 2429 924 2468 solius
958 2431 1101 2480 ἀγορᾶς
1133 2427 1302 2475 mentio,
1341 2432 1382 2466 et
1407 2441 1445 2479 p.
1478 2428 1573 2479 632,
1600 2427 1664 2467 26.

148 2486 367 2526 luculentis
402 2486 536 2524 verbis
573 2485 675 2525 dicit-
710 2490 855 2525 orator
889 2486 1054 2535 ἐφορίαν
1088 2485 1236 2535 ἀγορὰν
1264 2484 1357 2532 ὅρον
1389 2481 1663 2533 προσγράψας.

150 2543 316 2596 Duplex
347 2541 454 2581 illius
476 2541 773 2588 distinctionis,
790 2541 877 2594 jam
899 2540 1134 2593 antiquitus
1166 2544 1296 2586 ortae,
1326 2552 1474 2577 caussa
1501 2537 1667 2577 videtur

149 2613 251 2646 esse,
288 2598 468 2651 primum
509 2597 618 2650 qnod
661 2598 837 2636 obscura
871 2595 1157 2650 grammaticis
1194 2593 1322 2634 dictio
1362 2595 1486 2645 ἀγορὰ
1526 2594 1666 2644 ἐφορία

148 2659 259 2695 esset
281 2659 323 2694 et
345 2654 561 2694 notissima
594 2655 793 2704 εἴργεσθαι
824 2654 982 2703 ἀγορᾶς,
1005 2651 1154 2691 deinde
1185 2650 1295 2704 quod
1324 2651 1464 2700 ἐφορία
1495 2648 1550 2688 illi
1582 2663 1665 2688 non

144 2712 306 2765 justam
327 2709 521 2763 adjectivi
543 2711 718 2748 formam
741 2714 1028 2762 agnoscerent.
1090 2707 1250 2746 Verum
1283 2707 1439 2756 ἐφόριος
1468 2704 1665 2744 feminino

148 2781 300 2821 genere
327 2767 549 2806 confirmat
573 2765 746 2805 allatum
777 2779 799 2804 e
828 2763 996 2803 Polluce
1029 2763 1153 2812 στήλη
1187 2763 1351 2813 ἐφορίας
1388 2760 1581 2800 Valesius
1611 2760 1667 2800 ad

153 2823 361 2877 Harpocr.
393 2821 539 2862 citavit
575 2823 709 2863 πόλεις
743 2821 903 2872 ἐφορίας
938 2833 989 2858 ex
1021 2818 1222 2858 Aristidis
1254 2816 1439 2857 encomio
1474 2816 1662 2856 Romae:

152 2879 262 2919 addo
285 2877 539 2932 Thucydidis
563 2889 599 2925 2,
626 2890 689 2928 27,
722 2878 743 2925 ἡ
766 2878 807 2916 δὲ
834 2878 1025 2926 Θυρεᾶτις
1055 2877 1104 2926 γῆ
1128 2875 1289 2924 μεθορία
1315 2875 1382 2922 τῆς
1401 2871 1582 2923 Ἀργείας
1604 2872 1666 2911 καὶ

152 2937 388 2984 Λακωνικῆς.
413 2933 642 2973 WEBER.
705 2932 821 2973 Cous.
847 2931 1120 2971 Schoemann.
1146 2929 1295 2982 Antiq.
1317 2928 1431 2982 publ.
1455 2943 1492 2981 p.
1515 2929 1608 2980 289.
