1997 3256
724 149 802 188 DE
836 150 1109 192 LEGIBUS.
1586 156 1667 199 961

726 254 778 293 B.
818 256 1101 309 485‚5—22

215 318 327 370 Λάβε
348 335 412 369 μοι
432 318 499 358 τὸν
525 320 658 369 νόμον,
681 320 761 360 καθ’
785 321 830 361 ὃν
858 323 1148 374 ἐνομοθέτησαν
1168 327 1212 365 οἱ
1239 328 1427 378 πρότερον
1453 327 1669 376 νομοθέται.

155 374 272 425 Λεγε.
335 378 543 415 ΝΟΜΟΣ.
606 378 765 416 Συνίετε
795 377 876 417 καθ’
907 379 953 418 ὃν
985 382 1142 431 τρόπον,
1172 380 1201 420 ὠ
1237 383 1373 434 ἄνδρες
1403 382 1618 433 Ἀθηναῖοι,
1650 386 1670 423 ὁ

154 432 314 470 Σόλων
334 431 420 473 τοὺς
442 433 581 482 νόμους
602 433 652 474 ὡς
675 437 800 475 καλῶς
828 436 978 474 κελεύει
998 436 1170 482 τιθέν,αι
1204 442 1355 488 πρῶτον
1371 440 1451 508 μὲν
1472 439 1559 490 παρ’
1582 442 1671 490 ὑμῖν

154 487 198 526 ἐν
226 491 306 528 τοῖς
335 488 591 558 ὀμωμοκόσιν,
615 488 701 536 παρ’
725 490 864 541 οἷσπερ
894 492 955 530 καὶ
986 492 1115 532 τᾶλλα
1144 497 1332 544 κυροῦται·
1365 496 1498 535 ἔπειτα
1525 496 1671 536 λύοντα

152 542 240 584 τοὺς
269 544 477 591 ἐναντίους,
508 543 554 584 ἵν’
583 545 634 585 εἰς
664 543 688 599 77
715 562 802 596 περι
828 550 903 585 τῶν
931 548 1055 586 ὀντων
1085 548 1248 589 ἑκάστου
1277 551 1392 600 ιόμος
1404 575 1472 596 —,
1504 552 1566 590 καὶ
1596 552 1670 603 πρὸ

151 599 298 638 τούτων
318 598 353 650 γ’
377 599 562 649 ἐπέταξεν
585 602 753 640 ἐκθεῖναι
773 603 947 652 πρόσθεν
969 607 1044 642 τῶν
1065 605 1275 655 ἐπωνύμων
1298 623 1358 645 και
1379 607 1431 659 τῷ
1454 612 1674 658 γραμματεῖ

150 658 401 704 παραδοῦναι.
462 660 614 695 Τοῦτον
645 655 674 695 δ’
703 658 747 696 ἐν
777 661 860 699 ταῖς
890 659 1113 708 ἐκκλησίαις
1144 661 1468 712 ἀναγιγνώσκειν,
1501 663 1548 702 ἵν
1580 664 1667 703 ἕκα-

152 725 245 752 στος
271 712 376 761 ὑμῶν
405 712 575 753 ἀκούσας
600 711 793 754 πολλάκις
825 730 885 753 και
914 731 1009 753 κατα
1039 716 1193 767 σχολην
1222 717 1487 769 σκεψαμενος,
1518 719 1542 758 ἃ
1570 719 1618 759 ἂν
1646 719 1669 774 77

151 766 214 805 καὶ
235 768 361 807 δίκαια
383 768 444 807 καὶ
466 768 732 819 συμφέροντα,
754 771 873 808 ταῦτα
894 773 1094 820 νομοθετῇ.

175 848 286 944 ffIV.
339 850 644 891 Demosthenes
684 851 725 890 in
768 851 946 892 Tilnoer.
992 855 1343 909 (710‚16—29)
1384 856 1491 897 hanc
1533 858 1666 913 legem

145 919 172 946 a
205 912 282 947 em
789 969 1020 1006 ΝοΜοΣ.

203 1040 293 1076 Τῶν
321 1039 362 1076 δὲ
394 1039 523 1088 νόμων
550 1042 625 1078 τῶν
655 1038 841 1088 κειμένων
868 1056 920 1089 μη
947 1040 1090 1088 ἐξεῖναι
1117 1045 1236 1081 λῦσαι
1262 1042 1421 1091 μηδένα,
1453 1044 1522 1084 ἐὰν
1537 1045 1596 1116 μὴ
1623 1047 1666 1085 ἐν

146 1093 384 1144 νομοθέταις.
444 1095 546 1134 Τότε
581 1093 611 1133 δ
642 1096 785 1144 ἐξεῖναι
816 1097 866 1134 τιὸ
898 1096 1131 1150 βουλομένω
1162 1101 1238 1137 τῶν
1268 1097 1499 1148 Ἀθηναίων,
1533 1101 1666 1152 ἕτερον

143 1149 377 1189 ἀντιτιθέντι
408 1149 491 1189 ἀνθ’
515 1151 604 1190 ὅτου
636 1151 684 1190 ἂν
714 1152 798 1206 λύῃ.
863 1154 1187 1204 Διαχειροτονίαν
1211 1155 1253 1193 δὲ
1278 1159 1405 1194 ποιεῖν
1436 1157 1522 1198 τοὺς
1551 1157 1665 1208 προέ-

143 1207 256 1256 δρους
276 1207 363 1257 περὶ
384 1207 529 1246 τούτων
550 1211 626 1246 τῶν
655 1209 829 1257 νόμων,
816 1212 968 1258 πρῶτον
989 1211 1062 1258 μὲν
1083 1211 1170 1261 ερὶπ
1191 1213 1259 1250 τοῦ
1288 1211 1476 1260 κειμέν,ου
1502 1215 1535 1252 εἰ
1561 1217 1670 1254 δοκει

144 1261 358 1311 ἐπιτήδειος
390 1262 489 1302 εἶναι
520 1265 571 1316 τῷ
605 1263 708 1317 δημῳ
739 1268 815 1303 τῶν
845 1264 1064 1313 Αθηναίων
1090 1264 1113 1315 77
1145 1267 1200 1306 οὔ·
1234 1267 1367 1306 ἔπειτα
1397 1285 1484 1319 περι
1514 1272 1582 1308 τοῦ
1611 1286 1665 1309 τι-

143 1318 321 1365 θεμέν·ου
354 1320 542 1370 ὁπότερον
571 1318 600 1358 δ’
625 1319 673 1359 ἂν
700 1336 1033 1372 χειροτοιησωσιν
1062 1323 1098 1362 οἱ
1128 1321 1346 1373 νομοθέται,
1369 1340 1509 1364 τουτον
1535 1326 1664 1377 κύριον

145 1373 257 1414 εῗναι.

199 1429 406 1471 Ἐναντιον
435 1433 477 1471 δὲ
507 1433 627 1482 νόμον
655 1450 707 1482 μη
737 1431 882 1481 ἐξεῖναι
909 1432 1058 1473 τιθέναι
1086 1437 1161 1473 τῶν
1194 1435 1322 1484 νόμων
1354 1439 1430 1476 τῶν
1463 1437 1662 1487 κειμένων.

140 1486 240 1527 Εᾶν
267 1487 311 1527 δέ
337 1504 393 1530 τις
418 1489 543 1530 λύσας
569 1505 656 1528 τινα
676 1493 752 1528 τῶν
781 1490 910 1539 νόμων
941 1493 1017 1528 τῶν
1045 1489 1232 1540 κειμένων
1258 1492 1392 1542 ἕτερον
1418 1493 1589 1549 ἀντιτιθῃ
1610 1513 1662 1544 μη

141 1543 359 1593 ἐπιτηδειον
394 1547 444 1598 τῷ
478 1543 697 1594 Ἀθηναίων
733 1545 836 1598 δημῳ
876 1544 898 1595 77
936 1562 1115 1585 εναντιον
1155 1550 1232 1586 τῶν
1267 1548 1454 1597 κειμένων
1489 1566 1553 1603 τῳ,
1596 1553 1664 1593 τὰς

138 1602 296 1651 γραφὰς
317 1600 416 1640 εἶναι
445 1617 510 1640 κατ
548 1601 665 1641 αὐτου
685 1603 781 1641 κατὰ
802 1601 872 1642 τὸν
901 1603 1032 1652 νόμον,
1057 1601 1099 1644 ὃς
1125 1607 1257 1650 κεῖται,
1282 1603 1350 1644 ἐάν
1378 1621 1433 1647 τις
1455 1605 1508 1657 μὴ
1531 1606 1660 1657 ἐπιτη-

139 1659 246 1696 δειον
267 1659 314 1706 θῇ
336 1658 468 1707 νόμον.

196 1745 250 1786 V.
283 1746 513 1787 Aeschines
533 1747 575 1786 in
597 1746 781 1800 ctesiph.
804 1746 865 1787 ita
886 1747 1072 1801 loquitur
1095 1748 1140 1799 (4
1146 1759 1261 1803 ³9
1267 1762 1320 1803 43
1332 1751 1398 1800 1)

195 1824 300 1864 Οὔτε
319 1824 508 1875 ἠμέληται
529 1825 618 1876 περὶ
638 1829 714 1864 τῶν
734 1825 917 1865 τοιούτων
942 1828 993 1879 τῷ
1023 1825 1209 1876 νομοθέτῃ
1231 1829 1281 1881 τῷ
1309 1844 1379 1877 την
1400 1830 1658 1880 δημοκρατίαν

137 1897 439 1930 καταστησαντι,
473 1882 580 1920 ἀλλὰ
614 1881 817 1932 ὃιαρρηδην
852 1882 1136 1932 προστέτακται
1169 1887 1250 1924 τοῖς
1287 1884 1541 1933 θεσμοθέταις
1574 1886 1656 1926 καθ’

137 1936 305 1976 ἕκαστον
337 1937 514 1977 ἐνιαυτὸν
545 1940 724 1988 διορθουν
756 1939 798 1976 ἐν
827 1938 877 1991 τῷ
912 1937 1015 1992 δημῳ
1041 1939 1128 1980 τοὺς
1159 1939 1300 2009 νόμρυς
1330 1941 1499 1991 ἀκριβῶς
1531 1942 1659 1991 ἐξετά-

138 2009 288 2034 σαντας
316 1993 378 2032 καὶ
406 1993 696 2045 σκεψαμένους,
724 1995 760 2032 εἴ
784 2010 839 2035 τις
870 1995 1164 2046 ἀναγέγραπται
1193 1996 1310 2045 νόμος
1337 1997 1513 2039 ἐναντίος
1544 1999 1657 2053 ἑτέρω

137 2050 254 2103 νόμῳ,
288 2047 310 2099 77
346 2050 483 2100 ἄκυρος
518 2066 560 2089 εν
595 2053 674 2091 τοῖς
707 2051 860 2100 κυρίοις,
893 2049 915 2099 77
948 2052 984 2090 εἴ
1017 2052 1092 2090 πού
1128 2053 1203 2090 εἰσι
1236 2053 1347 2101 νόμοι
1383 2054 1540 2095 πλείους
1573 2055 1658 2097 ενὸς

136 2105 479 2157 ἀναγεγραμμένοι
509 2106 596 2156 περὶ
625 2104 787 2156 ἑκάστης
818 2106 1006 2156 πράξεως,
1037 2107 1108 2146 κάν
1135 2123 1169 2146 τι
1202 2111 1377 2148 τοιοῦτον
1409 2110 1654 2160 εὑρίσκωσιν,

135 2162 463 2213 ἀναγεγραφότας
485 2163 527 2202 ἐν
549 2162 708 2202 σανίσιν
731 2162 922 2202 ἐκτιθέναι
951 2165 1102 2202 κελεύει
1129 2165 1303 2214 πρόσθεν
1324 2168 1401 2204 τῶν
1430 2167 1654 2217 ἐπωνύμων·

134 2218 223 2259 τοὺς
250 2220 291 2257 δὲ
317 2219 523 2269 πρυτάνεις
549 2222 676 2258 ποιεῖν
705 2220 929 2268 ἐκκλησίαν,
954 2219 1250 2271 ἐπιγράψαντας
1276 2220 1501 2270 νομοθέτας,
1526 2223 1595 2263 τὸν
1623 2223 1654 2263 δ’

135 2274 347 2323 ἐπιστάτην
363 2279 439 2314 τῶν
459 2274 655 2326 προέδρων
672 2276 982 2327 διαχειροτονίαν
1003 2277 1149 2314 διδόναι
1170 2278 1222 2329 τῷ
1245 2276 1362 2329 δήμῳ,
1382 2278 1444 2317 καὶ
1462 2280 1652 2332 (τούτους)

134 2330 223 2371 τοὺς
251 2331 325 2380 μὲν
356 2331 530 2382 ἀναιρεῖν
562 2335 638 2370 τῶν
670 2332 812 2380 νόμων,
841 2331 929 2372 τοὺς
961 2333 1001 2370 δὲ
1029 2333 1293 2377 καταλείπειν,
1324 2333 1427 2375 ὅπως
1461 2334 1509 2373 ἂν
1543 2336 1598 2377 εἶς
1632 2335 1656 2386 ᾗ

133 2387 252 2436 νόμος
285 2386 346 2426 καὶ
377 2387 429 2436 μὴ
461 2388 620 2428 πλείους
652 2388 741 2438 περὶ
777 2386 940 2436 ἑκάστης
975 2387 1161 2438 πράξεως.
1225 2388 1305 2427 Καί
1335 2405 1401 2438 μοι
1433 2389 1530 2441 λέγε
1565 2392 1653 2434 τοὺς

131 2443 284 2492 νόμους.
345 2446 542 2482 NOMOI.

192 2499 329 2545 Hane,
364 2513 489 2551 quam
524 2498 671 2538 ultimo
702 2498 792 2537 loco
831 2497 1017 2552 excerpsi
1053 2498 1197 2552 legem,
1235 2499 1432 2553 plerique,
1468 2501 1651 2552 Petitus,

131 2553 473 2603 Schoemannusi,
498 2554 724 2595 Platnerus
745 2569 770 2594 a
792 2554 940 2594 ceteris
969 2555 1091 2608 plane
1119 2555 1404 2607 sejunxerunt),
1428 2558 1546 2611 quasi
1568 2560 1649 2600 alio

174 2664 184 2688 i
200 2666 251 2696 De
266 2666 372 2696 comit.
393 2676 421 2705 p.
442 2665 514 2695 260.
539 2675 731 2704 quamquam
753 2676 854 2704 nuper
926 2667 1008 2704 quod
1026 2671 1135 2695 contra
1152 2666 1217 2696 fimi
1235 2667 1367 2697 debuit
1359 2678 1391 2697 ln
1409 2668 1650 2710 ἇποχειροτονιᾳ

130 2719 150 2738 a
166 2709 324 2739 sententia
345 2719 403 2738 sua
421 2709 559 2738 discessit
576 2708 749 2747 (Antiquit.
767 2708 851 2746 publ.
925 2709 964 2738 de
995 2718 1056 2746 qua
1077 2709 1184 2748 agitul
1214 2709 1247 2738 in
1269 2709 1336 2748 lege
1361 2720 1394 2739 01
1397 2711 1511 2741 Ltionis
1537 2712 1648 2743 Timo-

130 2761 159 2790 ρ,
186 2749 274 2790 227.)
306 2751 465 2790 [Priorem
492 2750 701 2780 S‹·hoe1nanni
729 2759 853 2779 seuteu-
925 2756 1055 2780 crateae.
1114 2751 1200 2781 Hinc
1229 2753 1400 2782 comidunt
1430 2754 1537 2783 omnia
1567 2765 1647 2793 quae

130 2793 208 2823 tiam
225 2804 334 2823 rursus
348 2794 491 2832 probavit
503 2793 661 2822 Frankius
674 2793 705 2821 in
719 2803 852 2822 censura
925 2793 1065 2831 opinioni
1082 2793 1127 2821 illi
1143 2794 1182 2821 ab
1198 2793 1242 2823 W
1245 2794 1318 2823 olfio
1335 2794 1436 2831 primo
1451 2796 1646 2833 significatae

129 2835 201 2865 libri
226 2835 450 2875 schellingiaui
474 2847 503 2875 p.
532 2835 592 2875 736
614 2846 678 2874 sqq.
704 2841 735 2864 et
758 2841 850 2872 recte,
924 2835 1009 2863 infra
1045 2836 1256 2873 supeistruxit
1294 2836 1528 2875 Schelliugius:
1567 2850 1647 2877 quae

129 2884 166 2907 ut
189 2879 323 2908 videtur.
372 2879 456 2907 Nam
486 2879 570 2917 apud
594 2877 785 2907 Aeschinem
813 2878 852 2907 de
924 2883 1041 2914 tamen,
1073 2888 1172 2916 quum
1211 2888 1259 2907 res
1296 2879 1329 2907 in
1368 2879 1479 2909 d1vers
1482 2891 1506 2910 Ls
1540 2889 1645 2920 partes

128 2920 288 2959 διορθώσει
313 2919 413 2956 νόμων
439 2921 555 2960 agitur,
580 2920 614 2949 in
642 2930 704 2959 qua
729 2919 851 2959 legibus
923 2919 1093 2958 disceptata
1131 2920 1180 2959 sit,
1212 2921 1356 2951 omittere
1393 2922 1563 2953 noluimus.
1603 2925 1644 2958 G,

128 2963 287 3001 abrogatis
326 2973 426 2993 novae
463 2973 527 2993 non
566 2963 848 2999 substituebantur,
923 2961 1160 3001 DINDORR]

967 3004 1036 3043 Bb
