1997 3256
535 197 856 237 ADVERSUS
890 198 1347 239 ANDROTIONEM.
1617 199 1700 242 865)

187 301 354 341 omnino
395 301 564 341 domum
605 302 798 352 clausam
833 304 872 343 in
911 318 992 357 qua
1028 309 1164 344 mater
1197 303 1373 344 familias
1410 308 1531 352 esset,
1569 303 1698 344 invito

186 357 827 405 (101111110,i11t1·ar0nonlioerot.
867 359 1130 414 V.p.1150,
1156 373 1219 400 21.
1242 360 1333 400 eoll.
1357 375 1396 413 p.
1426 371 1540 414 1157,
1570 361 1630 400 16.
1656 364 1700 400 et

187 413 461 453 Sehoemann.
487 414 537 454 de
559 414 632 454 lite
655 416 804 456 Attica
825 431 865 470 p.
885 417 981 469 588.
1019 415 1201 456 FUNK.

243 471 341 518 608,
370 482 434 509 21.
475 472 642 525 κελεύει]
684 473 860 524 ἀγορεύει
894 487 934 526 p.
970 483 1063 525 517,
1099 484 1135 512 2.
1174 472 1243 512 ubi
1281 473 1362 512 (1110
1402 476 1570 513 tantum
1605 470 1698 511 libri

186 527 348 565 κελεύει.

243 584 338 630 608,
364 594 427 622 22.
463 587 538 623 τῶν
569 584 704 623 ἄλλων
736 584 867 637 ἕνεκα]
904 583 1138 637 Ulpianus:
1173 583 1294 635 ἤγουν
1324 587 1400 623 τῶν
1430 584 1605 634 πενήτων
1638 585 1699 624 καὶ

186 638 352 689 ἀπόρων.
414 639 589 679 Jurinus
617 639 677 680 ita
705 639 921 694 transponi
951 640 1078 679 verba
1102 639 1214 679 vult:
1247 641 1346 691 χρῆν
1366 641 1441 690 γὰρ
1461 643 1537 679 τῶν
1562 641 1699 680 ἄλλων

187 694 314 733 ἕνεκα.
352 696 459 735 ἀλλὰ
490 700 596 740 wrm
635 697 684 738 ὡς
714 697 734 735 ὁ
767 697 882 745 νόμος
917 696 1078 735 κελεύει.
1117 699 1229 734 τοῦτο
1260 694 1334 746 γάρ
1366 696 1450 734 ἐστι
1481 697 1698 746 δημοτικόν.

186 749 391 799 Rei-dzius,
415 751 479 791 eui
509 751 637 791 dictio
665 751 802 805 paullo
831 751 1046 791 obscurior
1073 755 1150 799 est,
1174 751 1300 791 verba
1321 754 1397 790 τῶν
1424 751 1560 791 ἄλλων
1587 753 1702 791 ἕνεκα

186 805 492 861 interpretatur
522 812 598 847 τῶν
628 808 696 847 οὐκ
727 809 980 859 ὀφειλόντων.
1044 807 1138 846 Hoc
1169 806 1475 853 eertissimum3
1515 807 1588 847 sed
1619 822 1701 861 quo

186 877 308 902 sensu
331 863 371 902 id
394 863 568 917 intellipi
591 863 701 911 xelit,
726 878 807 902 non
829 863 942 903 dicit.
1005 863 1252 903 Sehaefelus
1273 862 1474 915 denique:
1507 870 1551 903 ut
1571 864 1703 903 ceteris

186 919 335 959 cic-ihus
361 920 506 973 prosis,
541 933 616 959 ozon
654 926 694 959 ut
729 925 807 959 tecte
842 920 925 973 ipse
959 919 1111 959 lucium
1134 920 1288 972 jacias.
1342 919 1491 959 Malim
1521 934 1626 974 ego:

185 976 318 1015 cemes
344 974 492 1014 civibus
512 976 760 1029 prospicias,
786 989 863 1015 non
894 981 964 1015 tua
997 975 1122 1029 ipsius
1151 989 1305 1025 caussa,
1332 975 1412 1016 sive
1427 982 1594 1030 propter
1623 976 1703 1016 ini-

184 1031 381 1071 micinam
401 1031 659 1086 sivepvopte)
680 1031 783 1071 laceri
803 1032 952 1071 studia.
955 1045 991 1071 ;.ι
1028 1031 1211 1071 FUNK.

244 1088 338 1136 608,
365 1100 384 1126 2
390 1101 428 1141 3.
451 1089 648 1127 τοσούτων
670 1087 891 1142 χρημάτων]
916 1088 1028 1128 Bene
1052 1088 1320 1128 Schaeferus:
1354 1087 1512 1128 tantula
1532 1101 1698 1128 sammaa.

187 1143 405 1183 Sententia
442 1143 585 1197 quovis
625 1144 714 1183 1000
755 1148 896 1184 utlum
938 1145 1140 1195 αὐξητικὸν
1175 1159 1229 1184 an
1269 1144 1471 1194 μειωτικὸν
1506 1144 1560 1184 sit
1602 1143 1702 1184 illud

186 1200 356 1239 xeibum
396 1200 593 1241 ostendit.
663 1200 841 1240 Τ1111001.
872 1216 912 1254 p.
937 1213 1032 1254 751.
1072 1201 1116 1240 οὐ
1155 1202 1231 1252 γὰρ
1267 1204 1467 1248 τοσοῦτον,
1502 1199 1531 1239 ὼ
1567 1201 1703 1252 ἄνδρες

184 1255 398 1305 Ἀθηναῖοι
422 1257 539 1297 πέντε
567 1256 770 1296 ταλάντων
798 1258 899 1307 ὑμῖν,
927 1259 980 1296 ὧν
1008 1257 1112 1296 οὗτοι
1140 1256 1216 1296 τότ
1239 1256 1490 1308 εἰσέπραξαν,
1511 1256 1703 1296 τεθεντων

186 1312 407 1362 ὠφελησθε,
441 1314 538 1352 όσον
572 1313 788 1364 βέβλαφθε
819 1315 1002 1353 τοιούτων
1039 1314 1138 1352 ἐθῶν
1169 1315 1224 1355 εἰς
1254 1329 1323 1362 την
1357 1313 1559 1353 πολιτείαν
1592 1314 1700 1353 εἰσα-

186 1368 376 1419 γομένων.
411 1369 594 1409 FUNK.

244 1426 338 1469 608,
364 1426 429 1464 28.
458 1426 779 1479 προχειρότατον]
812 1426 877 1466 Sic
906 1442 944 1480 p.
973 1439 1082 1479 399:
1111 1425 1228 1466 ’Έστι
1253 1427 1385 1466 τοίνυν
1411 1443 1466 1467 τις
1495 1426 1701 1478 πρόχειρος

186 1482 306 1532 λόγος
341 1485 437 1521 πᾶσι
473 1487 553 1524 τοῖς
589 1484 783 1532 ἐξαπατᾶν
824 1484 920 1532 ὑμᾶς
955 1481 1215 1532 βουλομένοις
1250 1499 1281 1522 κ.
1304 1499 1338 1522 τ.
1360 1487 1399 1522 λ.
1435 1496 1476 1535 p.
1500 1492 1595 1533 700,
1626 1494 1699 1521 10:

187 1537 230 1577 ἓν
251 1537 283 1576 δ’
305 1537 325 1576 ὃ
346 1538 534 1589 μέγιστον
556 1539 633 1590 ἔχω
656 1539 716 1578 καὶ
738 1540 1041 1591 προχειρότατον
1062 1539 1157 1590 πρὸς
1177 1539 1271 1588 ὑμᾶς
1293 1540 1428 1578 εἰπεῖν.
1470 1537 1655 1577 FUNK.

244 1595 338 1646 609,
363 1595 400 1633 6.
427 1594 550 1648 ἐστιν]
582 1594 625 1634 Si
654 1594 744 1649 quis
776 1595 964 1648 requirat
994 1595 1055 1644 ἢν,
1077 1594 1314 1634 meminerit
1344 1594 1421 1634 hae
1452 1593 1495 1634 in
1526 1594 1704 1634 formula

185 1664 382 1703 praesens
403 1650 518 1690 verbi
541 1651 790 1691 substantivi
819 1651 959 1691 sedem
980 1656 1069 1691 tam
1090 1651 1283 1691 stabilem
1311 1651 1507 1691 sortitum
1531 1665 1632 1699 esse,
1655 1654 1703 1691 ut

185 1705 315 1745 etiam
351 1705 407 1745 ibi
443 1712 625 1756 maneat,
662 1707 732 1748 ubi
769 1707 1000 1761 praeterito
1033 1708 1213 1762 tempori
1246 1707 1337 1747 loeo
1370 1707 1516 1747 cedere
1551 1707 1703 1747 debere

185 1762 390 1803 videatur.
426 1764 491 1802 SC
503 1765 542 1802 H
550 1765 631 1803 ΑΕ
639 1765 672 1803 F
680 1797 686 1803 .

243 1822 336 1871 609.
363 1820 398 1858 8.
425 1820 511 1861 τοὺς
532 1821 574 1859 ἐκ
601 1823 666 1870 τῆς
693 1821 836 1872 ἀγορᾶς
864 1821 1031 1874 ἀπῆγον]
1055 1819 1391 1860 Usitatissimum
1423 1824 1485 1860 est
1508 1818 1702 1860 attracti-

185 1875 275 1914 onis
301 1890 447 1929 genus,
469 1877 580 1929 quod
607 1876 666 1916 ita
693 1876 902 1916 resolvas:
936 1877 1022 1918 τοὺς
1048 1879 1090 1916 ἐν
1111 1879 1155 1931 τῇ
1179 1877 1303 1929 ἀγορᾷ
1331 1878 1482 1928 ἀπῆγον
1505 1877 1545 1925 ἐξ
1573 1876 1699 1926 αὐτῆς.

186 1931 394 1985 Ulpianus
413 1947 420 1970 :
454 1932 542 1974 τοὺς
563 1933 824 1983 φαινομένους
846 1933 908 1972 ἐπὶ
933 1935 997 1982 τῆς
1018 1934 1163 1984 ἀγορᾶς
1185 1933 1388 1983 ἐφόνευον.
1440 1932 1568 1980 Male,
1592 1931 1703 1985 quod

184 1987 361 2028 istorum
386 1993 661 2042 tyrannorum
689 2003 784 2028 eum
807 1988 1070 2029 Androtione
1099 1988 1358 2042 comparatio
1387 1988 1521 2028 (locet.
1582 1987 1703 2028 Ἀπά-

184 2061 271 2095 γειν
296 2044 336 2083 h.
361 2044 386 2083 l.
419 2044 607 2084 abducere
639 2045 679 2084 in
709 2059 905 2085 carcerem
935 2044 1156 2099 signifieat.
1220 2044 1382 2085 Eodem
1408 2045 1532 2084 modo
1560 2043 1702 2084 Latini

184 2101 310 2140 verbo
331 2101 501 2141 ducendi
522 2105 700 2140 utuntur
726 2105 767 2141 et
791 2101 841 2140 de
863 2101 923 2149 iis,
948 2101 1017 2154 qui
1038 2102 1093 2142 ad
1122 2100 1381 2154 supplicium,
1404 2105 1447 2141 et
1469 2101 1519 2141 de
1547 2099 1609 2149 iis,
1633 2099 1703 2154 qui

184 2157 411 2197 in'rineula
435 2157 655 2197 ducuntur.
693 2157 876 2197 FUNK.

241 2214 719 2268 τοσαύτην-βδελυρίας]
757 2217 944 2253 τοσοῦτον
975 2213 1246 2265 ὑπερεβάλετο
1278 2215 1323 2268 τῇ
1361 2215 1477 2253 αὑτοῦ
1512 2214 1702 2267 βδελυρίᾳ

184 2269 254 2319 τὴν
289 2271 457 2310 ἐκείνων.
497 2269 693 2310 WOLF.
769 2270 1000 2311 Confirmat
1034 2270 1142 2310 hane
1178 2269 1399 2310 lectionem
1436 2285 1477 2323 p.
1509 2281 1529 2322 7
1535 2282 1604 2323 51,
1640 2270 1700 2309 18.

187 2325 278 2379 Ego
300 2330 440 2366 tamen
463 2341 544 2365 non
573 2340 621 2366 eo
642 2325 776 2380 magis
803 2341 972 2380 possum
1000 2326 1196 2366 duritiem
1225 2330 1268 2366 et
1294 2325 1558 2366 insolentiam
1579 2325 1704 2378 hujus

184 2381 378 2422 dictionis
420 2397 689 2436 concoquere.
753 2382 1092 2435 Exspectabam:
1136 2383 1328 2431 τοσαύτην
1367 2381 1597 2432 ὑπερβολὴν
1637 2384 1704 2431 τῆς

186 2439 344 2478 ἐκείνων
364 2440 575 2489 βδελυρίας
596 2441 640 2489 τῇ
665 2441 802 2478 ἑαυτοῦ
819 2438 995 2490 (scilicet
1015 2439 1222 2491 βδελυρίᾳ)
1243 2437 1467 2487 ἐποιήσατο.
1496 2438 1699 2477 REISK.

185 2494 341 2534 Debuit
379 2494 525 2534 audire
555 2494 771 2543 XVolfium„
809 2494 877 2547 qui
914 2494 1071 2548 optime
1110 2493 1414 2546 interpretatus
1454 2497 1531 2533 est.
1594 2493 1700 2542 Neo,

185 2551 320 2599 credo,
345 2550 541 2589 Reiskius
569 2550 821 2599 offendisset,
845 2550 878 2589 si
906 2550 1073 2604 legisset
1097 2550 1199 2589 haee
1220 2566 1227 2589 :
1261 2551 1454 2599 τοσαύτην
1474 2549 1703 2600 ὑπερβολὴν

186 2607 394 2657 ἐποιήσατο
416 2609 480 2656 τῆς
502 2608 618 2646 αὑτοῦ
636 2608 847 2657 βδελυρίας
868 2609 972 2657 παρὰ
993 2606 1062 2656 τὴν
1085 2606 1255 2645 ἐκείνων.
1303 2604 1437 2658 Atqui
1461 2604 1570 2644 idem
1592 2605 1702 2645 valet

186 2663 297 2717 quod
324 2667 469 2703 orator
495 2663 562 2702 1110
591 2667 633 2703 et
658 2662 791 2702 altero
818 2662 906 2702 1000
934 2662 1114 2715 scripsit.
1150 2661 1204 2701 V.
1232 2661 1444 2701 Matthiae
1467 2661 1702 2701 Grammat.

186 2721 260 2760 Gr.
285 2721 321 2771 ξ.
346 2732 443 2773 453.
467 2734 506 2772 p.
530 2721 624 2772 629.
659 2718 909 2760 SCHAEF.

244 2778 338 2827 609,
373 2787 436 2815 12.
480 2777 519 2815 τί
557 2776 706 2828 οἴεσθε]
753 2774 988 2815 Subaudias
1028 2776 1156 2813 τοῦτο.
1210 2773 1264 2813 V.
1304 2777 1391 2813 not.
1427 2772 1482 2813 ad
1523 2772 1701 2812 Por-soni

187 2831 351 2871 Hecub.
390 2847 428 2885 p.
466 2845 528 2885 13.
569 2831 669 2872 edit.
708 2835 807 2872 tert.
847 2830 960 2884 Lips.
1000 2830 1039 2870 τί
1075 2831 1207 2869 οἴεσθε
1248 2830 1409 2877 τᾶλλα,
1458 2844 1499 2883 p.
1532 2839 1629 2882 571,
1667 2841 1682 2867 1

188 2887 438 2928 SCHAEF.

246 2946 340 2997 609,
369 2946 430 2983 16.
455 2944 498 2982 τὸ
527 2943 657 2997 σῶμα]
686 2942 892 2984 Additum
921 2946 996 2991 est,
1019 2956 1070 2983 ne
1092 2942 1210 2984 ἁλοὺς
1237 2955 1359 2982 sensu
1376 2939 1562 2994 judiciali
1583 2940 1702 2981 intel-

187 3000 355 3054 ligatur.
393 3000 651 3040 SCHAEF.
