1997 3256
335 143 419 185 984
707 141 1028 182 ADVERSUS
1062 142 1478 184 TIMOCRATEM.

333 245 438 285 atim
469 251 511 286 et
541 247 595 287 ad
625 247 795 287 modum
826 247 1101 288 constitutum
1132 248 1354 301 persolvat.
1416 247 1503 287 Nos
1535 247 1848 302 compositionem

333 316 540 342 vocamus.
595 303 663 343 Ita
686 303 920 357 Hesychius
940 320 947 343 :
980 305 1098 353 Τάξις
1118 305 1141 353 ἡ
1163 305 1223 344 ἐπὶ
1249 304 1522 355 ὀφειλομένοις
1541 303 1714 356 χρήμασι
1735 321 1848 344 κατα·

333 358 450 407 βολή.
513 359 581 399 Ita
614 359 815 399 Libanius
845 360 887 399 in
919 361 1182 413 Arg-umento
1214 374 1273 399 or.
1307 373 1340 398 c.
1372 360 1559 414 Aristog.
1591 374 1631 413 p.
1662 360 1758 413 768,
1786 362 1848 400 16.

334 413 487 454 ὠνεῖται
521 416 540 453 ὁ
577 416 749 466 ἀδελφὸς
781 416 909 462 αὐτοῦ,
943 416 1051 465 τάξιν
1084 416 1343 466 αἰτησάμενος
1373 419 1439 455 τοῦ
1473 416 1713 466 ὀφλήματος,
1746 417 1849 456 ὥστε

334 470 376 508 ἐν
405 469 495 510 δέκα
522 471 652 511 ἔτεσιν
683 473 831 512 ἐκτῖσαι
862 472 904 511 τὸ
937 474 1094 521 σύμπαν
1127 471 1208 511 καθ’
1239 473 1404 511 ἕκαστον
1437 472 1521 513 ἔτος
1548 473 1664 514 τιθεὶς
1692 472 1736 511 τὸ
1769 474 1849 512 ἐπι·

330 525 491 574 βάλλον
517 527 645 578 μέρος.
708 527 972 581 Τ11119)’(11(195
994 541 1031 581 3,
1058 540 1122 580 70.
1145 529 1354 579 ὀφλόντων
1376 529 1416 566 δὲ
1445 528 1570 567 αὐτῶν
1593 528 1655 567 καὶ
1682 528 1776 578 πρὸς
1801 530 1849 568 τὰ

334 582 416 632 ἱερὰ
449 583 581 622 ἱκετῶν
613 585 879 633 καθεζομένων
905 586 966 624 διὰ
994 584 1036 623 τὸ
1065 586 1214 633 πλῆθος
1241 587 1306 633 τῆς
1335 585 1479 633 ζημίας-1
1507 585 1610 625 ὅπως
1640 583 1851 634 ταξάμενοι

331 638 542 678 ἀποδῶσιν.
620 639 918 693 Interpreteris
960 654 1051 680 cum
1093 640 1264 679 Budaeo
1305 639 1556 691 τεταγμέναις
1596 644 1849 690 καταβολαῖς,

320 694 576 746 pensionibus
604 697 812 736 menstruis
839 696 901 735 vel
930 696 1057 736 etiam
1087 696 1244 736 (minuis.
1309 696 1375 735 Ita
1403 695 1563 749 pariter
1586 696 1851 749 Thucydides

336 763 370 797 1,
404 762 494 803 117.
537 754 584 791 τὸ.
623 752 877 792 ἀναλωθέντα
920 755 1013 792 κατὰ
1054 754 1219 804 χρόνους
1261 752 1472 802 ταξάμενος
1513 753 1737 792 ἀποδοῦναι.
1779 752 1849 793 ubi

332 806 459 846 schol.
487 807 542 847 ad
570 808 731 848 locum:
766 811 861 848 κατὰ
889 808 1073 862 χρόνους]
1098 809 1185 849 οὐδὲ
1209 811 1282 859 γὰρ
1313 808 1501 858 εὐπόρουν
1530 809 1673 858 ἀθρόον
1700 809 1850 849 ἐκτῖσαι

332 862 375 901 τὸ
404 866 492 902 πᾶν.
527 863 786 904 TAYLOR.
847 865 1083 904 Aestuatur
1115 865 1155 903 in
1189 864 1479 904 constituenda
1508 864 1632 917 hujus
1660 864 1848 905 vocabuli

333 917 647 972 significatione.
710 920 882 961 Certum
916 928 980 960 estv
1014 921 1215 960 Wolfium
1252 920 1358 960 male
1391 920 1632 968 reddidisse,
1667 920 1736 974 qui
1772 936 1850 974 pro

332 974 480 1014 militia
516 975 678 1016 habuit.
741 976 821 1016 Sed
856 986 896 1017 et
932 977 982 1017 de
1020 977 1186 1030 Taylori
1223 991 1327 1016 nova
1364 977 1712 1031 interpretatione
1747 977 1849 1017 mihi

333 1030 498 1083 quidem
520 1033 703 1071 nondun]
727 1038 841 1072 certo
863 1033 1005 1086 liquet,
1030 1033 1097 1086 qui
1119 1048 1249 1087 genus
1270 1033 1367 1072 illud
1392 1033 1611 1073 decisionis
1632 1033 1694 1073 vel
1715 1033 1850 1088 pacti-

332 1086 423 1126 onis
445 1087 518 1135 vel,
542 1093 589 1128 ut¹
610 1089 697 1142 ipse
719 1089 901 1142 appellat
925 1104 1019 1128 cuin
1041 1089 1175 1143 vulgo,
1198 1089 1510 1143 compositionis
1531 1094 1722 1130 autumat
1746 1104 1848 1138 esse,

332 1158 412 1196 quo
435 1144 630 1184 creditori
653 1159 746 1184 cum
773 1145 962 1185 debitore
995 1145 1071 1185 hac
1092 1146 1181 1199 lege
1203 1145 1406 1194 convenit,
1429 1150 1477 1185 ut
1499 1146 1695 1186 creditori
1717 1146 1849 1187 debiti

330 1204 494 1253 partem
516 1206 688 1254 quotam
713 1201 945 1241 remittenti
974 1202 1140 1241 debitor
1166 1202 1371 1256 spondeat
1392 1202 1516 1241 certis
1538 1202 1683 1242 diebus
1710 1207 1850 1243 certas

332 1256 460 1296 debiti
482 1257 695 1310 portiones
726 1258 1016 1311 depensurum.
1081 1258 1239 1298 Verum
1262 1273 1355 1298 011111
1378 1264 1555 1306 constet,
1578 1258 1642 1298 hic
1664 1258 1744 1298 loci
1765 1273 1849 1298 non

331 1312 381 1351 de
413 1327 508 1352 aere
544 1313 677 1353 alieno
713 1314 892 1367 privato,
929 1314 1000 1354 sed
1037 1315 1088 1354 (19
1120 1314 1285 1368 publico
1319 1314 1398 1369 agi,
1428 1323 1519 1354 tum
1551 1329 1634 1354 non
1667 1320 1847 1364 constat,

330 1369 508 1409 fueritne
543 1370 719 1423 populus
753 1370 1025 1410 Atheniensis
1062 1371 1208 1411 solitus
1242 1371 1302 1410 ita
1338 1385 1430 1410 cum
1467 1370 1726 1410 debitoribus
1762 1372 1848 1411 suis

331 1425 534 1465 decidere.
597 1426 746 1477 Quare.
781 1427 910 1466 donec
946 1427 1024 1466 hac
1063 1427 1113 1466 de
1146 1442 1190 1467 re
1226 1432 1340 1467 certo
1375 1432 1550 1475 constet,
1587 1427 1711 1467 liceto
1746 1428 1848 1468 mihi

331 1482 579 1521 vocabulum
610 1482 714 1531 τάξις
734 1482 774 1522 11.
796 1483 823 1521 l.
845 1483 1006 1532 vulgari
1034 1483 1335 1537 significatione
1363 1483 1551 1537 accipere
1573 1489 1699 1537 atque
1721 1484 1848 1524 tribu-

329 1542 410 1576 tum
433 1538 716 1591 interpretari,
736 1539 847 1591 quod
869 1536 1025 1578 cifibus
1048 1539 1247 1579 universis
1269 1555 1292 1579 a
1315 1554 1399 1593 rep.
1421 1540 1651 1593 imperatur
1672 1546 1713 1580 et
1737 1541 1848 1594 quod

331 1592 481 1633 civium
514 1594 688 1648 quisque
719 1595 877 1634 dudum
907 1600 1006 1635 ante
1035 1595 1150 1635 novit
1172 1601 1286 1636 certo
1310 1595 1376 1636 die
1397 1610 1421 1636 a
1450 1611 1493 1635 se
1515 1596 1846 1650 dependendum.

331 1649 466 1689 Vetat
490 1650 632 1704 itaque
664 1651 767 1691 haec
798 1651 864 1690 lex
897 1666 989 1691 cum
1020 1652 1171 1705 populo
1205 1652 1271 1706 agi
1304 1653 1353 1692 (19
1378 1652 1632 1692 remittenda-
1654 1652 1847 1707 cuiquam

330 1719 401 1744 seu
432 1706 564 1746 multa
595 1721 667 1747 seu
698 1707 872 1747 tributo.
921 1707 1025 1757 τάξις
1054 1714 1117 1748 991Ὶ
1146 1709 1257 1762 quod
1290 1709 1465 1748 debetur
1492 1708 1653 1749 aerario
1680 1709 1847 1749 nomine

328 1761 479 1802 tributi
513 1763 614 1816 reip.
649 1764 948 1804 sustentandae
982 1778 1105 1818 ergo:
1145 1767 1306 1815 ὄφλημα
1339 1771 1403 1804 est
1437 1764 1624 1805 debitum
1657 1779 1679 1804 e
1714 1765 1849 1806 multa

328 1832 411 1857 non
446 1819 659 1872 persoluta
696 1824 974 1860 contractum.
1023 1821 1218 1861 REISK.
1281 1821 1375 1875 Ego
1410 1821 1588 1874 Tayloro
1628 1821 1846 1869 assentior,

331 1889 510 1928 quocum
533 1876 725 1916 Reiskius
757 1891 921 1931 quoque
953 1877 1159 1917 consentit
1182 1877 1224 1916 in
1249 1874 1405 1917 Indice.
1467 1878 1581 1918 Add.
1606 1878 1770 1932 Taylor.
1792 1879 1847 1918 ad

330 1945 370 1984 p.
395 1932 488 1982 768,
510 1934 569 1971 16.
605 1932 855 1973 SCHAEF.
917 1934 976 1973 Et
1005 1934 1277 1973 Schoemann.
1301 1934 1351 1973 de
1374 1934 1513 1974 comit.
1537 1949 1576 1987 p.
1604 1946 1698 1988 275.

388 1998 534 2041 715.3.
558 1988 627 2038 τὴν
658 1989 811 2044 ἄδειαν]
848 1989 1011 2029 Scilicet
1047 1993 1113 2029 τοῦ
1141 1990 1289 2041 λέγειν,
1316 1990 1393 2030 hac
1419 1990 1470 2030 de
1497 2004 1542 2030 re
1571 2004 1664 2030 cum
1691 1991 1847 2045 populo

329 2043 491 2097 agendi.
524 2044 578 2083 V.
597 2059 631 2083 v.
658 2046 694 2084 8.
718 2050 760 2084 et
779 2058 840 2097 13.
868 2045 1064 2085 REISK.

389 2110 482 2153 715,
505 2114 544 2149 4.
567 2101 623 2142 οἷς
645 2100 693 2140 ἂν
715 2100 823 2153 δόξῃ]
850 2101 1013 2142 Scilicet
1037 2104 1291 2153 ψηφίσασθαι
1312 2102 1381 2151 τὴν
1399 2103 1545 2143 ἄδειαν.
1577 2102 1829 2143 SCHAEF.

390 2166 482 2208 7157
506 2169 546 2209 5.
571 2155 652 2196 καθ’
676 2158 697 2195 ὅ
718 2157 770 2209 τι]
802 2156 834 2195 l.
858 2172 894 2210 q.
920 2158 967 2199 ὡς
990 2173 1024 2197 v.
1048 2160 1107 2197 16.
1135 2158 1385 2198 SCHAEF.

388 2223 482 2264 715,
507 2224 568 2252 12.
592 2212 634 2251 οὐ
656 2212 912 2263 προτεθέντος
929 2213 1102 2267 οὐδενὸς]
1136 2214 1263 2253 Nullo
1293 2214 1407 2254 adim
1428 2215 1556 2267 facto,
1579 2215 1700 2266 nile-ilo
1727 2229 1848 2268 super

330 2281 374 2306 ea
398 2281 439 2306 re
461 2267 584 2320 prius
595 2268 812 2321 proposito.
843 2269 1103 2309 TAYLOR.
1167 2272 1284 2310 εἰπὼν
1306 2271 1392 2321 περὶ
1412 2272 1558 2311 τούτων
1579 2272 1691 2312 οὐδὲν
1712 2286 1749 2311 v.
1775 2283 1843 2312 20.

332 2323 587 2363 SCHAEF.

390 2391 483 2432 715,
510 2392 574 2420 20.
599 2380 777 2434 εἷς-εἰς]
812 2381 844 2420 I.
869 2396 906 2435 q.
938 2382 1043 2432 πρὸς,
1077 2386 1123 2422 ut
1150 2381 1344 2422 Reiskius
1380 2383 1469 2422 Ind.
1509 2383 1758 2424 Graecitat.:
1792 2399 1846 2425 ne

330 2441 464 2488 putes,
488 2436 598 2489 quod
630 2437 695 2477 ille
726 2451 808 2477 11011
839 2437 1062 2491 improbat,
1086 2438 1194 2477 idem
1217 2439 1352 2479 valere
1380 2454 1499 2493 posse
1523 2440 1633 2494 quod
1656 2442 1710 2480 ε’ν.
1774 2441 1843 2481 Sic

329 2496 470 2531 autem
491 2493 748 2546 praepositio
770 2498 843 2533 aut
864 2494 1011 2548 plurali
1044 2499 1132 2541 aut,
1155 2501 1201 2534 ut
1224 2495 1302 2543 hic.
1326 2495 1481 2535 nomini
1509 2496 1722 2536 collectivo
1748 2497 1844 2550 jun-

328 2547 456 2600 gitur.
519 2548 645 2602 Cujus
674 2549 755 2589 vini
790 2549 853 2589 his
890 2550 931 2588 in
963 2550 1242 2590 locutionibus
1275 2557 1320 2591 ut
1352 2552 1474 2604 plane
1504 2552 1724 2607 intelligas,
1756 2567 1841 2593 me-

328 2609 469 2643 mento
491 2605 657 2658 proprie
677 2605 756 2646 hoc
774 2605 853 2645 dici
871 2622 878 2645 :
913 2606 1019 2659 loqui
1039 2620 1261 2647 conversum
1283 2607 1340 2647 acl
1357 2615 1545 2657 senatum,
1569 2609 1627 2648 acl
1635 2609 1843 2663 populum.

332 2660 583 2700 SCHAEF.

387 2727 481 2768 715.
509 2729 573 2756 22.
595 2717 736 2771 λάθρᾳ]
774 2717 880 2758 Dele
907 2719 1045 2772 λάθρᾳ.
1069 2719 1179 2772 quod
1201 2733 1250 2759 ex
1272 2721 1458 2774 margine
1479 2720 1692 2774 irrepsisse
1712 2720 1844 2774 liquet

330 2784 380 2810 ex
417 2772 543 2812 schol.
581 2773 649 2826 qui
687 2776 729 2813 ἐν
762 2776 1002 2828 παραβύστῳ
1036 2789 1110 2828 per
1141 2775 1268 2829 λάθρᾳ
1300 2776 1491 2829 explicat,
1526 2781 1573 2816 ut
1606 2776 1843 2830 Hesychius

329 2842 504 2881 quoque.
535 2828 705 2869 DOBR.
769 2830 1017 2883 Conjectura
1051 2845 1131 2869 non
1164 2831 1458 2884 improbabilis,
1482 2833 1559 2872 etsi
1589 2833 1700 2886 quod
1725 2834 1841 2873 scho-

328 2882 451 2923 liasta
485 2886 527 2924 ἐν
557 2887 795 2939 παραβύστῳ
827 2900 901 2939 per
933 2886 1057 2939 λάθρᾳ
1086 2887 1277 2940 explicat,
1301 2902 1350 2928 ex
1380 2903 1427 2928 eo
1456 2902 1538 2928 non
1566 2894 1683 2930 certo
1705 2889 1839 2944 colligi
