<?xml version="1.0" encoding="UTF-8"?>
<!DOCTYPE html PUBLIC "-//W3C//DTD XHTML 1.0 Transitional//EN"
    "http://www.w3.org/TR/xhtml1/DTD/xhtml1-transitional.dtd">
<html xmlns="http://www.w3.org/1999/xhtml" xml:lang="en" lang="en">
 <head>
  <title>
</title>
<meta http-equiv="Content-Type" content="text/html;charset=utf-8" />
  <meta name='ocr-system' content='tesseract 3.04.00' />
  <meta name='ocr-capabilities' content='ocr_page ocr_carea ocr_par ocr_line ocrx_word'/>
</head>
<body>
  <div class='ocr_page' id='page_1' title='image "./operaexrecension06demouoft/operaexrecension06demouoft_0394.png"; bbox 0 0 1997 3256; ppageno 0'>
   <div class='ocr_carea' id='block_1_1' title="bbox 339 145 1483 194">
    <p class='ocr_par' dir='ltr' id='par_1_1' title="bbox 339 145 1483 194">
     <span class='ocr_line' id='line_1_1' title="bbox 339 145 1483 194; baseline -0.006 -2"><span class='ocrx_word' id='word_1_1' title='bbox 339 151 423 194; x_wconf 85' lang='lat'>980</span> <span class='ocrx_word' id='word_1_2' title='bbox 707 146 1028 186; x_wconf 82' lang='lat' dir='ltr'><strong>ADVERSUS</strong></span> <span class='ocrx_word' id='word_1_3' title='bbox 1063 145 1483 186; x_wconf 70' lang='lat' dir='ltr'><strong>TIMOCRATEM.</strong></span> 
     </span>
    </p>
   </div>
   <div class='ocr_carea' id='block_1_2' title="bbox 340 249 1871 2954">
    <p class='ocr_par' dir='ltr' id='par_1_2' title="bbox 340 249 1857 521">
     <span class='ocr_line' id='line_1_2' title="bbox 341 249 1855 307; baseline -0.005 -10"><span class='ocrx_word' id='word_1_4' title='bbox 341 257 539 307; x_wconf 84' lang='grc' dir='ltr'>ὀφείλημα</span> <span class='ocrx_word' id='word_1_5' title='bbox 574 267 670 294; x_wconf 89' lang='lat' dir='ltr'>vero</span> <span class='ocrx_word' id='word_1_6' title='bbox 706 253 726 293; x_wconf 77' lang='grc' dir='ltr'>ὃ</span> <span class='ocrx_word' id='word_1_7' title='bbox 763 253 992 293; x_wconf 77' lang='grc' dir='ltr'>ἐδανείσατο</span> <span class='ocrx_word' id='word_1_8' title='bbox 1025 268 1106 293; x_wconf 87' lang='grc' dir='ltr'>τις;</span> <span class='ocrx_word' id='word_1_9' title='bbox 1148 267 1185 292; x_wconf 87' lang='lat' dir='ltr'>v.</span> <span class='ocrx_word' id='word_1_10' title='bbox 1224 251 1456 292; x_wconf 88' lang='lat' dir='ltr'>Herodian.</span> <span class='ocrx_word' id='word_1_11' title='bbox 1493 251 1535 291; x_wconf 90' lang='lat' dir='ltr'>in</span> <span class='ocrx_word' id='word_1_12' title='bbox 1572 250 1765 304; x_wconf 84' lang='lat' dir='ltr'>Append.</span> <span class='ocrx_word' id='word_1_13' title='bbox 1801 249 1855 290; x_wconf 90' lang='lat' dir='ltr'>ad</span> 
     </span>
     <span class='ocr_line' id='line_1_3' title="bbox 342 306 1856 365; baseline -0.004 -14"><span class='ocrx_word' id='word_1_14' title='bbox 342 311 568 365; x_wconf 69' lang='lat' dir='ltr'>Phrynich.</span> <span class='ocrx_word' id='word_1_15' title='bbox 595 325 635 364; x_wconf 91' lang='lat' dir='ltr'>p.</span> <span class='ocrx_word' id='word_1_16' title='bbox 657 323 754 363; x_wconf 73' lang='lat'><strong>453.</strong></span> <span class='ocrx_word' id='word_1_17' title='bbox 777 323 869 349; x_wconf 91' lang='lat' dir='ltr'>cum</span> <span class='ocrx_word' id='word_1_18' title='bbox 894 313 1035 348; x_wconf 83' lang='lat' dir='ltr'>annot.</span> <span class='ocrx_word' id='word_1_19' title='bbox 1064 308 1273 351; x_wconf 85' lang='lat' dir='ltr'>Lobeckii.</span> <span class='ocrx_word' id='word_1_20' title='bbox 1296 313 1408 348; x_wconf 85' lang='lat' dir='ltr'>recte</span> <span class='ocrx_word' id='word_1_21' title='bbox 1431 308 1542 348; x_wconf 88' lang='lat' dir='ltr'>haud</span> <span class='ocrx_word' id='word_1_22' title='bbox 1567 306 1703 355; x_wconf 73' lang='lat' dir='ltr'>dubie,</span> <span class='ocrx_word' id='word_1_23' title='bbox 1728 321 1856 359; x_wconf 87' lang='lat' dir='ltr'>quan-</span> 
     </span>
     <span class='ocr_line' id='line_1_4' title="bbox 343 363 1857 422; baseline -0.004 -15"><span class='ocrx_word' id='word_1_24' title='bbox 343 382 468 422; x_wconf 98' lang='lat' dir='ltr'>quam</span> <span class='ocrx_word' id='word_1_25' title='bbox 499 367 576 407; x_wconf 89' lang='lat' dir='ltr'>hoc</span> <span class='ocrx_word' id='word_1_26' title='bbox 610 366 832 405; x_wconf 78' lang='lat' dir='ltr'>discrimen</span> <span class='ocrx_word' id='word_1_27' title='bbox 863 379 945 404; x_wconf 91' lang='grc'>11011</span> <span class='ocrx_word' id='word_1_28' title='bbox 976 364 1128 418; x_wconf 84' lang='grc'>111)1(1110</span> <span class='ocrx_word' id='word_1_29' title='bbox 1160 369 1362 412; x_wconf 80' lang='lat' dir='ltr'>servatur,</span> <span class='ocrx_word' id='word_1_30' title='bbox 1395 364 1427 403; x_wconf 90' lang='lat' dir='ltr'>si</span> <span class='ocrx_word' id='word_1_31' title='bbox 1459 364 1558 416; x_wconf 90' lang='lat' dir='ltr'>quid</span> <span class='ocrx_word' id='word_1_32' title='bbox 1588 363 1857 408; x_wconf 86' lang='lat' dir='ltr'>tribuendum</span> 
     </span>
     <span class='ocr_line' id='line_1_5' title="bbox 340 418 1856 474; baseline -0.003 -11"><span class='ocrx_word' id='word_1_33' title='bbox 340 425 541 464; x_wconf 84' lang='lat' dir='ltr'>librorum</span> <span class='ocrx_word' id='word_1_34' title='bbox 567 421 813 463; x_wconf 78' lang='lat' dir='ltr'>auctoritati</span> <span class='ocrx_word' id='word_1_35' title='bbox 835 438 842 461; x_wconf 93' lang='lat'>:</span> <span class='ocrx_word' id='word_1_36' title='bbox 877 436 912 461; x_wconf 87' lang='lat' dir='ltr'>v.</span> <span class='ocrx_word' id='word_1_37' title='bbox 936 420 1124 474; x_wconf 80' lang='lat' dir='ltr'>exempla</span> <span class='ocrx_word' id='word_1_38' title='bbox 1151 420 1193 460; x_wconf 90' lang='lat' dir='ltr'>in</span> <span class='ocrx_word' id='word_1_39' title='bbox 1223 420 1436 460; x_wconf 76' lang='lat' dir='ltr'>Thesauro</span> <span class='ocrx_word' id='word_1_40' title='bbox 1466 419 1611 473; x_wconf 82' lang='lat' dir='ltr'>Steph.</span> <span class='ocrx_word' id='word_1_41' title='bbox 1635 419 1697 459; x_wconf 86' lang='lat' dir='ltr'>ed.</span> <span class='ocrx_word' id='word_1_42' title='bbox 1722 418 1856 459; x_wconf 86' lang='lat' dir='ltr'>Paris.</span> 
     </span>
     <span class='ocr_line' id='line_1_6' title="bbox 341 480 484 521; baseline -0.007 0"><span class='ocrx_word' id='word_1_43' title='bbox 341 480 484 521; x_wconf 86' lang='lat' dir='ltr'>allata.</span> 
     </span>
    </p>

    <p class='ocr_par' dir='ltr' id='par_1_3' title="bbox 341 530 1863 1320">
     <span class='ocr_line' id='line_1_7' title="bbox 401 530 1858 589; baseline -0.003 -14"><span class='ocrx_word' id='word_1_44' title='bbox 401 548 497 589; x_wconf 83' lang='lat'><em>712,</em></span> <span class='ocrx_word' id='word_1_45' title='bbox 530 546 593 589; x_wconf 83' lang='lat'>25.</span> <span class='ocrx_word' id='word_1_46' title='bbox 637 534 956 588; x_wconf 87' lang='grc' dir='ltr'>ἐπιχειροτονεῖν]</span> <span class='ocrx_word' id='word_1_47' title='bbox 998 534 1122 573; x_wconf 73' lang='lat' dir='ltr'>Batos</span> <span class='ocrx_word' id='word_1_48' title='bbox 1160 531 1300 572; x_wconf 69' lang='lat' dir='ltr'>habere</span> <span class='ocrx_word' id='word_1_49' title='bbox 1336 531 1529 571; x_wconf 53' lang='lat' dir='ltr'>lVolfius.</span> <span class='ocrx_word' id='word_1_50' title='bbox 1592 530 1720 582; x_wconf 76' lang='lat' dir='ltr'>Quasi</span> <span class='ocrx_word' id='word_1_51' title='bbox 1761 544 1858 570; x_wconf 82' lang='lat' dir='ltr'>vero</span> 
     </span>
     <span class='ocr_line' id='line_1_8' title="bbox 341 587 1856 645; baseline -0.004 -13"><span class='ocrx_word' id='word_1_52' title='bbox 341 606 509 633; x_wconf 88' lang='lat' dir='ltr'>necesse</span> <span class='ocrx_word' id='word_1_53' title='bbox 545 596 655 631; x_wconf 80' lang='lat' dir='ltr'>esset</span> <span class='ocrx_word' id='word_1_54' title='bbox 689 590 964 645; x_wconf 69' lang='lat' dir='ltr'>praesidibus,</span> <span class='ocrx_word' id='word_1_55' title='bbox 998 604 1091 629; x_wconf 91' lang='lat' dir='ltr'>cum</span> <span class='ocrx_word' id='word_1_56' title='bbox 1122 589 1213 642; x_wconf 85' lang='lat' dir='ltr'>quis</span> <span class='ocrx_word' id='word_1_57' title='bbox 1244 589 1370 628; x_wconf 79' lang='lat' dir='ltr'>vades</span> <span class='ocrx_word' id='word_1_58' title='bbox 1402 589 1500 628; x_wconf 88' lang='lat' dir='ltr'>dare</span> <span class='ocrx_word' id='word_1_59' title='bbox 1532 587 1740 634; x_wconf 73' lang='lat' dir='ltr'>voluisset,</span> <span class='ocrx_word' id='word_1_60' title='bbox 1773 601 1856 635; x_wconf 89' lang='lat' dir='ltr'>eos,</span> 
     </span>
     <span class='ocr_line' id='line_1_9' title="bbox 344 642 1859 703; baseline -0.003 -15"><span class='ocrx_word' id='word_1_61' title='bbox 344 649 651 703; x_wconf 83' lang='lat' dir='ltr'>qualescunque</span> <span class='ocrx_word' id='word_1_62' title='bbox 673 648 837 687; x_wconf 88' lang='lat' dir='ltr'>demum</span> <span class='ocrx_word' id='word_1_63' title='bbox 865 651 1015 694; x_wconf 75' lang='lat' dir='ltr'>essent,</span> <span class='ocrx_word' id='word_1_64' title='bbox 1040 646 1144 685; x_wconf 92' lang='lat' dir='ltr'>illico</span> <span class='ocrx_word' id='word_1_65' title='bbox 1174 650 1290 685; x_wconf 90' lang='lat' dir='ltr'>ratos</span> <span class='ocrx_word' id='word_1_66' title='bbox 1312 645 1477 692; x_wconf 70' lang='lat' dir='ltr'>habere,</span> <span class='ocrx_word' id='word_1_67' title='bbox 1503 644 1613 697; x_wconf 89' lang='lat' dir='ltr'>quod</span> <span class='ocrx_word' id='word_1_68' title='bbox 1640 642 1859 683; x_wconf 84' lang='lat' dir='ltr'>manifeste</span> 
     </span>
     <span class='ocr_line' id='line_1_10' title="bbox 343 700 1859 758; baseline -0.005 -13"><span class='ocrx_word' id='word_1_69' title='bbox 343 710 490 745; x_wconf 84' lang='lat' dir='ltr'>contra</span> <span class='ocrx_word' id='word_1_70' title='bbox 523 705 655 758; x_wconf 77' lang='lat' dir='ltr'>legem</span> <span class='ocrx_word' id='word_1_71' title='bbox 691 709 780 744; x_wconf 90' lang='lat' dir='ltr'>est:</span> <span class='ocrx_word' id='word_1_72' title='bbox 821 703 887 744; x_wconf 83' lang='lat' dir='ltr'>lex</span> <span class='ocrx_word' id='word_1_73' title='bbox 923 703 1032 742; x_wconf 89' lang='lat' dir='ltr'>enim</span> <span class='ocrx_word' id='word_1_74' title='bbox 1062 703 1237 756; x_wconf 84' lang='lat' dir='ltr'>jubebat</span> <span class='ocrx_word' id='word_1_75' title='bbox 1272 706 1387 741; x_wconf 82' lang='lat' dir='ltr'>ratos</span> <span class='ocrx_word' id='word_1_76' title='bbox 1423 700 1566 741; x_wconf 88' lang='lat' dir='ltr'>haberi</span> <span class='ocrx_word' id='word_1_77' title='bbox 1600 700 1737 748; x_wconf 85' lang='lat' dir='ltr'>vades,</span> <span class='ocrx_word' id='word_1_78' title='bbox 1775 713 1859 739; x_wconf 91' lang='lat' dir='ltr'>non</span> 
     </span>
     <span class='ocr_line' id='line_1_11' title="bbox 345 755 1859 815; baseline -0.003 -14"><span class='ocrx_word' id='word_1_79' title='bbox 345 775 623 815; x_wconf 70' lang='lat' dir='ltr'>quoscunque,</span> <span class='ocrx_word' id='word_1_80' title='bbox 655 761 726 800; x_wconf 89' lang='lat' dir='ltr'>sed</span> <span class='ocrx_word' id='word_1_81' title='bbox 758 774 859 813; x_wconf 85' lang='lat' dir='ltr'>quos</span> <span class='ocrx_word' id='word_1_82' title='bbox 891 759 1066 813; x_wconf 90' lang='lat' dir='ltr'>populus</span> <span class='ocrx_word' id='word_1_83' title='bbox 1097 759 1424 811; x_wconf 79' lang='lat' dir='ltr'>comprobasset.</span> <span class='ocrx_word' id='word_1_84' title='bbox 1486 757 1652 797; x_wconf 84' lang='lat' dir='ltr'>Clarum</span> <span class='ocrx_word' id='word_1_85' title='bbox 1683 760 1748 796; x_wconf 82' lang='lat' dir='ltr'>est</span> <span class='ocrx_word' id='word_1_86' title='bbox 1779 755 1859 796; x_wconf 80' lang='lat' dir='ltr'>ita-</span> 
     </span>
     <span class='ocr_line' id='line_1_12' title="bbox 345 813 1861 872; baseline -0.005 -14"><span class='ocrx_word' id='word_1_87' title='bbox 345 833 423 872; x_wconf 85' lang='lat' dir='ltr'>que</span> <span class='ocrx_word' id='word_1_88' title='bbox 451 832 595 857; x_wconf 70' lang='lat' dir='ltr'>vocem</span> <span class='ocrx_word' id='word_1_89' title='bbox 627 819 930 869; x_wconf 70' lang='grc' dir='ltr'>ἐπιχειροτονεῖν</span> <span class='ocrx_word' id='word_1_90' title='bbox 958 816 1034 855; x_wconf 91' lang='grc'>1100</span> <span class='ocrx_word' id='word_1_91' title='bbox 1070 815 1159 854; x_wconf 86' lang='grc'>1000</span> <span class='ocrx_word' id='word_1_92' title='bbox 1190 814 1315 854; x_wconf 82' lang='grc'>01111111</span> <span class='ocrx_word' id='word_1_93' title='bbox 1351 828 1515 853; x_wconf 86' lang='lat' dir='ltr'>sensum</span> <span class='ocrx_word' id='word_1_94' title='bbox 1551 813 1704 852; x_wconf 85' lang='lat' dir='ltr'>habere</span> <span class='ocrx_word' id='word_1_95' title='bbox 1735 826 1861 866; x_wconf 79' lang='lat' dir='ltr'>quam</span> 
     </span>
     <span class='ocr_line' id='line_1_13' title="bbox 346 868 1861 928; baseline -0.004 -15"><span class='ocrx_word' id='word_1_96' title='bbox 346 874 413 928; x_wconf 91' lang='lat' dir='ltr'>qui</span> <span class='ocrx_word' id='word_1_97' title='bbox 436 875 556 928; x_wconf 80' lang='lat' dir='ltr'>vulgo</span> <span class='ocrx_word' id='word_1_98' title='bbox 584 873 621 913; x_wconf 90' lang='lat' dir='ltr'>ei</span> <span class='ocrx_word' id='word_1_99' title='bbox 649 872 915 913; x_wconf 74' lang='lat' dir='ltr'>adscribitur.</span> <span class='ocrx_word' id='word_1_100' title='bbox 977 871 1195 925; x_wconf 79' lang='lat' dir='ltr'>Significat</span> <span class='ocrx_word' id='word_1_101' title='bbox 1222 885 1367 923; x_wconf 84' lang='lat' dir='ltr'>nempe</span> <span class='ocrx_word' id='word_1_102' title='bbox 1388 884 1470 908; x_wconf 91' lang='lat' dir='ltr'>non</span> <span class='ocrx_word' id='word_1_103' title='bbox 1492 868 1629 909; x_wconf 70' lang='lat' dir='ltr'>habere</span> <span class='ocrx_word' id='word_1_104' title='bbox 1654 875 1765 908; x_wconf 75' lang='lat' dir='ltr'>natos</span> <span class='ocrx_word' id='word_1_105' title='bbox 1786 882 1861 908; x_wconf 88' lang='grc'>1100</span> 
     </span>
     <span class='ocr_line' id='line_1_14' title="bbox 344 925 1861 984; baseline -0.005 -14"><span class='ocrx_word' id='word_1_106' title='bbox 344 931 549 984; x_wconf 62' lang='grc' dir='ltr'>ειςῇἷάρίιῖς</span> <span class='ocrx_word' id='word_1_107' title='bbox 572 929 756 983; x_wconf 50' lang='grc' dir='ltr'>ιἴὲνείιίῖὶε</span> <span class='ocrx_word' id='word_1_108' title='bbox 791 929 1006 975; x_wconf 67' lang='lat' dir='ltr'>decernere,</span> <span class='ocrx_word' id='word_1_109' title='bbox 1044 928 1117 967; x_wconf 86' lang='lat' dir='ltr'>sed</span> <span class='ocrx_word' id='word_1_110' title='bbox 1144 933 1375 981; x_wconf 72' lang='lat' dir='ltr'>potestatem</span> <span class='ocrx_word' id='word_1_111' title='bbox 1400 927 1539 980; x_wconf 70' lang='lat' dir='ltr'>faeere</span> <span class='ocrx_word' id='word_1_112' title='bbox 1573 925 1770 979; x_wconf 60' lang='lat' dir='ltr'>szqffiugyia</span> <span class='ocrx_word' id='word_1_113' title='bbox 1794 925 1861 978; x_wconf 81' lang='lat' dir='ltr'>fe-</span> 
     </span>
     <span class='ocr_line' id='line_1_15' title="bbox 345 981 1861 1035; baseline -0.004 -9"><span class='ocrx_word' id='word_1_114' title='bbox 345 987 470 1035; x_wconf 69' lang='lat' dir='ltr'>rendi,</span> <span class='ocrx_word' id='word_1_115' title='bbox 494 986 691 1026; x_wconf 84' lang='lat' dir='ltr'>concione</span> <span class='ocrx_word' id='word_1_116' title='bbox 716 984 873 1025; x_wconf 82' lang='lat' dir='ltr'>scilicet</span> <span class='ocrx_word' id='word_1_117' title='bbox 894 989 1134 1032; x_wconf 75' lang='lat' dir='ltr'>convocata,</span> <span class='ocrx_word' id='word_1_118' title='bbox 1158 989 1298 1023; x_wconf 84' lang='lat' dir='ltr'>utrum</span> <span class='ocrx_word' id='word_1_119' title='bbox 1320 983 1402 1023; x_wconf 85' lang='lat' dir='ltr'>rati</span> <span class='ocrx_word' id='word_1_120' title='bbox 1428 981 1607 1022; x_wconf 85' lang='lat' dir='ltr'>habendi</span> <span class='ocrx_word' id='word_1_121' title='bbox 1632 981 1715 1021; x_wconf 77' lang='lat' dir='ltr'>sint</span> <span class='ocrx_word' id='word_1_122' title='bbox 1736 981 1861 1021; x_wconf 83' lang='lat' dir='ltr'>vades</span> 
     </span>
     <span class='ocr_line' id='line_1_16' title="bbox 345 1039 1863 1094; baseline -0.005 -11"><span class='ocrx_word' id='word_1_123' title='bbox 345 1057 484 1083; x_wconf 89' lang='lat' dir='ltr'>necne.</span> <span class='ocrx_word' id='word_1_124' title='bbox 528 1041 726 1082; x_wconf 84' lang='lat' dir='ltr'><strong>JURIN.</strong></span> <span class='ocrx_word' id='word_1_125' title='bbox 789 1041 937 1080; x_wconf 75' lang='lat' dir='ltr'>Voluit</span> <span class='ocrx_word' id='word_1_126' title='bbox 972 1040 1100 1094; x_wconf 77' lang='lat' dir='ltr'>igitur</span> <span class='ocrx_word' id='word_1_127' title='bbox 1135 1054 1223 1079; x_wconf 88' lang='lat' dir='ltr'>esse</span> <span class='ocrx_word' id='word_1_128' title='bbox 1260 1039 1284 1078; x_wconf 89' lang='lat' dir='ltr'>i.</span> <span class='ocrx_word' id='word_1_129' title='bbox 1317 1054 1353 1092; x_wconf 86' lang='lat' dir='ltr'>q.</span> <span class='ocrx_word' id='word_1_130' title='bbox 1393 1039 1699 1091; x_wconf 82' lang='grc' dir='ltr'>ἐπιχειροτονίαν</span> <span class='ocrx_word' id='word_1_131' title='bbox 1735 1042 1863 1077; x_wconf 84' lang='grc' dir='ltr'>ποιεῖν</span> 
     </span>
     <span class='ocr_line' id='line_1_17' title="bbox 345 1093 1862 1153; baseline -0.005 -14"><span class='ocrx_word' id='word_1_132' title='bbox 345 1114 385 1153; x_wconf 88' lang='lat' dir='ltr'>p.</span> <span class='ocrx_word' id='word_1_133' title='bbox 421 1100 516 1152; x_wconf 83' lang='lat'>706‚</span> <span class='ocrx_word' id='word_1_134' title='bbox 545 1112 604 1138; x_wconf 90' lang='lat'>10.</span> <span class='ocrx_word' id='word_1_135' title='bbox 646 1099 957 1150; x_wconf 77' lang='grc' dir='ltr'>ἐπιχειροτονίαν</span> <span class='ocrx_word' id='word_1_136' title='bbox 993 1098 1139 1136; x_wconf 78' lang='grc' dir='ltr'>διδόναι</span> <span class='ocrx_word' id='word_1_137' title='bbox 1174 1111 1212 1149; x_wconf 85' lang='lat' dir='ltr'>p.</span> <span class='ocrx_word' id='word_1_138' title='bbox 1248 1098 1343 1148; x_wconf 81' lang='grc'>716,</span> <span class='ocrx_word' id='word_1_139' title='bbox 1374 1096 1432 1134; x_wconf 83' lang='grc'>18.</span> <span class='ocrx_word' id='word_1_140' title='bbox 1494 1094 1632 1134; x_wconf 78' lang='lat' dir='ltr'>Aliter</span> <span class='ocrx_word' id='word_1_141' title='bbox 1668 1093 1862 1133; x_wconf 83' lang='lat' dir='ltr'>Reiskius</span> 
     </span>
     <span class='ocr_line' id='line_1_18' title="bbox 348 1150 1863 1207; baseline -0.003 -13"><span class='ocrx_word' id='word_1_142' title='bbox 348 1156 438 1195; x_wconf 91' lang='lat' dir='ltr'>Ind.</span> <span class='ocrx_word' id='word_1_143' title='bbox 463 1155 692 1195; x_wconf 81' lang='lat' dir='ltr'>Graecitat.</span> <span class='ocrx_word' id='word_1_144' title='bbox 712 1171 719 1194; x_wconf 72' lang='grc' dir='ltr'><strong>ε</strong></span> <span class='ocrx_word' id='word_1_145' title='bbox 755 1160 777 1176; x_wconf 72' lang='grc'>“</span> <span class='ocrx_word' id='word_1_146' title='bbox 792 1153 923 1207; x_wconf 87' lang='lat' dir='ltr'>plebis</span> <span class='ocrx_word' id='word_1_147' title='bbox 945 1153 1203 1192; x_wconf 78' lang='lat' dir='ltr'>voluntatem</span> <span class='ocrx_word' id='word_1_148' title='bbox 1225 1151 1503 1205; x_wconf 75' lang='lat' dir='ltr'>significatam</span> <span class='ocrx_word' id='word_1_149' title='bbox 1524 1150 1768 1203; x_wconf 87' lang='lat' dir='ltr'>insequente</span> <span class='ocrx_word' id='word_1_150' title='bbox 1789 1163 1863 1189; x_wconf 92' lang='lat' dir='ltr'>suo</span> 
     </span>
     <span class='ocr_line' id='line_1_19' title="bbox 346 1206 1863 1265; baseline -0.004 -13"><span class='ocrx_word' id='word_1_151' title='bbox 346 1226 517 1252; x_wconf 89' lang='lat' dir='ltr'>assensu</span> <span class='ocrx_word' id='word_1_152' title='bbox 546 1211 817 1265; x_wconf 86' lang='lat' dir='ltr'>comprobare</span> <span class='ocrx_word' id='word_1_153' title='bbox 845 1215 887 1249; x_wconf 67' lang='lat' dir='ltr'>et⁴</span> <span class='ocrx_word' id='word_1_154' title='bbox 916 1209 1200 1250; x_wconf 49' lang='lat' dir='ltr'>confirmares*</span> <span class='ocrx_word' id='word_1_155' title='bbox 1260 1207 1383 1255; x_wconf 73' lang='lat' dir='ltr'>Vere,</span> <span class='ocrx_word' id='word_1_156' title='bbox 1406 1212 1453 1247; x_wconf 88' lang='lat' dir='ltr'>ut</span> <span class='ocrx_word' id='word_1_157' title='bbox 1475 1207 1632 1260; x_wconf 88' lang='lat' dir='ltr'>opinor.</span> <span class='ocrx_word' id='word_1_158' title='bbox 1698 1206 1863 1260; x_wconf 88' lang='lat' dir='ltr'>Harpo-</span> 
     </span>
     <span class='ocr_line' id='line_1_20' title="bbox 348 1262 1843 1320; baseline -0.005 -12"><span class='ocrx_word' id='word_1_159' title='bbox 348 1268 521 1317; x_wconf 75' lang='lat' dir='ltr'>cration,</span> <span class='ocrx_word' id='word_1_160' title='bbox 547 1267 842 1320; x_wconf 75' lang='grc' dir='ltr'>ἐπιχειροτονία,</span> <span class='ocrx_word' id='word_1_161' title='bbox 866 1267 887 1316; x_wconf 85' lang='grc' dir='ltr'>ἡ</span> <span class='ocrx_word' id='word_1_162' title='bbox 909 1270 985 1305; x_wconf 83' lang='grc' dir='ltr'>τῶν</span> <span class='ocrx_word' id='word_1_163' title='bbox 1005 1268 1287 1318; x_wconf 80' lang='grc' dir='ltr'>χειροτονητῶν</span> <span class='ocrx_word' id='word_1_164' title='bbox 1310 1263 1558 1305; x_wconf 81' lang='grc' dir='ltr'>κατάστασις.</span> <span class='ocrx_word' id='word_1_165' title='bbox 1593 1262 1843 1303; x_wconf 78' lang='lat' dir='ltr'><strong>SCHAEF.</strong></span> 
     </span>
    </p>

    <p class='ocr_par' dir='ltr' id='par_1_4' title="bbox 347 1319 1871 2830">
     <span class='ocr_line' id='line_1_21' title="bbox 407 1319 1862 1378; baseline -0.004 -14"><span class='ocrx_word' id='word_1_166' title='bbox 407 1336 499 1377; x_wconf 87' lang='grc'>712,</span> <span class='ocrx_word' id='word_1_167' title='bbox 527 1326 590 1364; x_wconf 89' lang='lat'>26.</span> <span class='ocrx_word' id='word_1_168' title='bbox 624 1327 675 1378; x_wconf 72' lang='grc' dir='ltr'>τῷ</span> <span class='ocrx_word' id='word_1_169' title='bbox 708 1326 748 1363; x_wconf 77' lang='grc' dir='ltr'>δὲ</span> <span class='ocrx_word' id='word_1_170' title='bbox 781 1322 1087 1374; x_wconf 76' lang='grc' dir='ltr'>καταστήσαντι]</span> <span class='ocrx_word' id='word_1_171' title='bbox 1123 1321 1350 1360; x_wconf 76' lang='lat' dir='ltr'>Lambinus</span> <span class='ocrx_word' id='word_1_172' title='bbox 1380 1321 1449 1360; x_wconf 83' lang='grc' dir='ltr'>τὸν</span> <span class='ocrx_word' id='word_1_173' title='bbox 1481 1321 1521 1359; x_wconf 81' lang='grc' dir='ltr'>δὲ</span> <span class='ocrx_word' id='word_1_174' title='bbox 1553 1319 1862 1369; x_wconf 81' lang='grc' dir='ltr'>καταστήσαντα.</span> 
     </span>
     <span class='ocr_line' id='line_1_22' title="bbox 348 1376 1864 1431; baseline -0.004 -11"><span class='ocrx_word' id='word_1_175' title='bbox 348 1381 417 1420; x_wconf 89' lang='lat' dir='ltr'>Nil</span> <span class='ocrx_word' id='word_1_176' title='bbox 448 1381 648 1421; x_wconf 85' lang='lat' dir='ltr'>interesse</span> <span class='ocrx_word' id='word_1_177' title='bbox 676 1380 860 1420; x_wconf 84' lang='lat' dir='ltr'>arbitror</span> <span class='ocrx_word' id='word_1_178' title='bbox 890 1384 1028 1419; x_wconf 80' lang='lat' dir='ltr'>utram</span> <span class='ocrx_word' id='word_1_179' title='bbox 1055 1377 1274 1417; x_wconf 87' lang='lat' dir='ltr'>lectionem</span> <span class='ocrx_word' id='word_1_180' title='bbox 1300 1381 1430 1431; x_wconf 87' lang='lat' dir='ltr'>optes.</span> <span class='ocrx_word' id='word_1_181' title='bbox 1494 1376 1543 1415; x_wconf 84' lang='lat' dir='ltr'>In</span> <span class='ocrx_word' id='word_1_182' title='bbox 1564 1381 1742 1429; x_wconf 91' lang='lat' dir='ltr'>utraque</span> <span class='ocrx_word' id='word_1_183' title='bbox 1771 1376 1864 1415; x_wconf 91' lang='lat' dir='ltr'>sub-</span> 
     </span>
     <span class='ocr_line' id='line_1_23' title="bbox 347 1432 1862 1485; baseline -0.004 -8"><span class='ocrx_word' id='word_1_184' title='bbox 347 1437 518 1478; x_wconf 88' lang='lat' dir='ltr'>auditur</span> <span class='ocrx_word' id='word_1_185' title='bbox 540 1438 639 1477; x_wconf 82' lang='grc' dir='ltr'>ἕστω</span> <span class='ocrx_word' id='word_1_186' title='bbox 662 1437 723 1476; x_wconf 77' lang='lat' dir='ltr'>vel</span> <span class='ocrx_word' id='word_1_187' title='bbox 747 1436 889 1485; x_wconf 77' lang='grc' dir='ltr'>ἐξέστω</span> <span class='ocrx_word' id='word_1_188' title='bbox 914 1434 1115 1475; x_wconf 56' lang='grc'>1010110111</span> <span class='ocrx_word' id='word_1_189' title='bbox 1142 1434 1240 1473; x_wconf 76' lang='grc' dir='ltr'>εἶναι</span> <span class='ocrx_word' id='word_1_190' title='bbox 1268 1448 1290 1473; x_wconf 93' lang='grc'>0</span> <span class='ocrx_word' id='word_1_191' title='bbox 1311 1449 1347 1472; x_wconf 75' lang='lat' dir='ltr'>v.</span> <span class='ocrx_word' id='word_1_192' title='bbox 1376 1445 1439 1473; x_wconf 79' lang='grc'>22.</span> <span class='ocrx_word' id='word_1_193' title='bbox 1470 1437 1518 1472; x_wconf 83' lang='lat' dir='ltr'>ut</span> <span class='ocrx_word' id='word_1_194' title='bbox 1549 1432 1604 1472; x_wconf 79' lang='lat' dir='ltr'>sit</span> <span class='ocrx_word' id='word_1_195' title='bbox 1639 1432 1740 1472; x_wconf 91' lang='lat' dir='ltr'>haec</span> <span class='ocrx_word' id='word_1_196' title='bbox 1766 1446 1862 1472; x_wconf 88' lang='lat' dir='ltr'>con-</span> 
     </span>
     <span class='ocr_line' id='line_1_24' title="bbox 349 1488 1865 1544; baseline -0.003 -11"><span class='ocrx_word' id='word_1_197' title='bbox 349 1494 552 1534; x_wconf 77' lang='lat' dir='ltr'>structio:</span> <span class='ocrx_word' id='word_1_198' title='bbox 591 1493 832 1543; x_wconf 82' lang='grc' dir='ltr'>Τιμοκράτης</span> <span class='ocrx_word' id='word_1_199' title='bbox 866 1492 984 1537; x_wconf 76' lang='grc' dir='ltr'>εἶπεν,</span> <span class='ocrx_word' id='word_1_200' title='bbox 1021 1491 1119 1531; x_wconf 73' lang='grc' dir='ltr'>εἶναι</span> <span class='ocrx_word' id='word_1_201' title='bbox 1152 1493 1203 1544; x_wconf 76' lang='grc' dir='ltr'>τῷ</span> <span class='ocrx_word' id='word_1_202' title='bbox 1238 1488 1638 1538; x_wconf 79' lang='grc' dir='ltr'>καταστήσαντι-τὸ</span> <span class='ocrx_word' id='word_1_203' title='bbox 1677 1490 1865 1535; x_wconf 80' lang='grc' dir='ltr'>ἀφεῖσθαι</span> 
     </span>
     <span class='ocr_line' id='line_1_25' title="bbox 347 1544 1865 1602; baseline -0.004 -13"><span class='ocrx_word' id='word_1_204' title='bbox 347 1554 424 1590; x_wconf 87' lang='grc' dir='ltr'>τῶν</span> <span class='ocrx_word' id='word_1_205' title='bbox 446 1553 609 1600; x_wconf 84' lang='grc' dir='ltr'>δεσμῶν.</span> <span class='ocrx_word' id='word_1_206' title='bbox 673 1548 785 1589; x_wconf 84' lang='lat' dir='ltr'>Satis</span> <span class='ocrx_word' id='word_1_207' title='bbox 807 1548 973 1602; x_wconf 78' lang='lat' dir='ltr'>quidem</span> <span class='ocrx_word' id='word_1_208' title='bbox 995 1547 1118 1601; x_wconf 83' lang='lat' dir='ltr'>plana</span> <span class='ocrx_word' id='word_1_209' title='bbox 1140 1546 1270 1601; x_wconf 67' lang='lat' dir='ltr'>igitur</span> <span class='ocrx_word' id='word_1_210' title='bbox 1292 1551 1355 1586; x_wconf 88' lang='lat' dir='ltr'>est</span> <span class='ocrx_word' id='word_1_211' title='bbox 1377 1545 1523 1593; x_wconf 69' lang='lat' dir='ltr'>oratio,</span> <span class='ocrx_word' id='word_1_212' title='bbox 1547 1545 1619 1585; x_wconf 85' lang='lat' dir='ltr'>sed</span> <span class='ocrx_word' id='word_1_213' title='bbox 1641 1544 1865 1584; x_wconf 82' lang='lat' dir='ltr'>stultitiam</span> 
     </span>
     <span class='ocr_line' id='line_1_26' title="bbox 348 1601 1865 1659; baseline -0.003 -13"><span class='ocrx_word' id='word_1_214' title='bbox 348 1607 437 1659; x_wconf 85' lang='lat' dir='ltr'>ejus</span> <span class='ocrx_word' id='word_1_215' title='bbox 474 1606 576 1646; x_wconf 84' lang='lat' dir='ltr'>satis</span> <span class='ocrx_word' id='word_1_216' title='bbox 611 1605 754 1645; x_wconf 85' lang='lat' dir='ltr'>mirari</span> <span class='ocrx_word' id='word_1_217' title='bbox 796 1619 878 1644; x_wconf 90' lang='lat' dir='ltr'>non</span> <span class='ocrx_word' id='word_1_218' title='bbox 915 1618 1096 1658; x_wconf 84' lang='lat' dir='ltr'>possum.</span> <span class='ocrx_word' id='word_1_219' title='bbox 1177 1603 1304 1643; x_wconf 82' lang='lat' dir='ltr'>Patet</span> <span class='ocrx_word' id='word_1_220' title='bbox 1340 1602 1448 1642; x_wconf 88' lang='grc'>0111111</span> <span class='ocrx_word' id='word_1_221' title='bbox 1487 1616 1562 1655; x_wconf 89' lang='lat' dir='ltr'>per</span> <span class='ocrx_word' id='word_1_222' title='bbox 1598 1616 1641 1641; x_wconf 90' lang='lat' dir='ltr'>se</span> <span class='ocrx_word' id='word_1_223' title='bbox 1676 1606 1718 1641; x_wconf 82' lang='lat' dir='ltr'>et</span> <span class='ocrx_word' id='word_1_224' title='bbox 1754 1601 1865 1641; x_wconf 87' lang='lat' dir='ltr'>ultro</span> 
     </span>
     <span class='ocr_line' id='line_1_27' title="bbox 349 1658 1865 1716; baseline -0.004 -14"><span class='ocrx_word' id='word_1_225' title='bbox 349 1662 605 1716; x_wconf 61' lang='lat' dir='ltr'>intelligitur.</span> <span class='ocrx_word' id='word_1_226' title='bbox 629 1661 848 1707; x_wconf 73' lang='lat' dir='ltr'>aerarium,</span> <span class='ocrx_word' id='word_1_227' title='bbox 871 1660 1118 1714; x_wconf 88' lang='lat' dir='ltr'>praesertim</span> <span class='ocrx_word' id='word_1_228' title='bbox 1141 1659 1209 1713; x_wconf 84' lang='lat' dir='ltr'>qui</span> <span class='ocrx_word' id='word_1_229' title='bbox 1239 1673 1368 1699; x_wconf 85' lang='lat' dir='ltr'>nexus</span> <span class='ocrx_word' id='word_1_230' title='bbox 1397 1673 1480 1697; x_wconf 89' lang='grc'>11011</span> <span class='ocrx_word' id='word_1_231' title='bbox 1500 1658 1661 1705; x_wconf 82' lang='lat' dir='ltr'>fuisset,</span> <span class='ocrx_word' id='word_1_232' title='bbox 1684 1658 1865 1711; x_wconf 89' lang='lat' dir='ltr'>depenso</span> 
     </span>
     <span class='ocr_line' id='line_1_28' title="bbox 348 1713 1864 1759; baseline -0.004 -1"><span class='ocrx_word' id='word_1_233' title='bbox 348 1733 444 1759; x_wconf 89' lang='lat' dir='ltr'>aere</span> <span class='ocrx_word' id='word_1_234' title='bbox 474 1718 617 1758; x_wconf 86' lang='lat' dir='ltr'>debito</span> <span class='ocrx_word' id='word_1_235' title='bbox 650 1733 671 1758; x_wconf 90' lang='lat' dir='ltr'>e</span> <span class='ocrx_word' id='word_1_236' title='bbox 700 1717 890 1757; x_wconf 79' lang='lat' dir='ltr'>custodia</span> <span class='ocrx_word' id='word_1_237' title='bbox 919 1717 1094 1756; x_wconf 88' lang='lat' dir='ltr'>liberum</span> <span class='ocrx_word' id='word_1_238' title='bbox 1123 1730 1224 1755; x_wconf 82' lang='lat' dir='ltr'>esse.</span> <span class='ocrx_word' id='word_1_239' title='bbox 1287 1715 1456 1755; x_wconf 85' lang='lat' dir='ltr'>Planius</span> <span class='ocrx_word' id='word_1_240' title='bbox 1489 1719 1530 1754; x_wconf 85' lang='lat' dir='ltr'>et</span> <span class='ocrx_word' id='word_1_241' title='bbox 1561 1714 1799 1754; x_wconf 88' lang='lat' dir='ltr'>concinnius</span> <span class='ocrx_word' id='word_1_242' title='bbox 1831 1713 1864 1753; x_wconf 92' lang='lat' dir='ltr'>si</span> 
     </span>
     <span class='ocr_line' id='line_1_29' title="bbox 348 1770 1867 1829; baseline -0.003 -15"><span class='ocrx_word' id='word_1_243' title='bbox 348 1774 459 1829; x_wconf 85' lang='lat' dir='ltr'>loqui</span> <span class='ocrx_word' id='word_1_244' title='bbox 491 1775 647 1822; x_wconf 74' lang='lat' dir='ltr'>scisset,</span> <span class='ocrx_word' id='word_1_245' title='bbox 686 1774 743 1814; x_wconf 88' lang='lat' dir='ltr'>sic</span> <span class='ocrx_word' id='word_1_246' title='bbox 780 1778 871 1814; x_wconf 84' lang='lat' dir='ltr'>erat</span> <span class='ocrx_word' id='word_1_247' title='bbox 903 1773 1117 1814; x_wconf 85' lang='lat' dir='ltr'>dicturus:</span> <span class='ocrx_word' id='word_1_248' title='bbox 1151 1779 1185 1812; x_wconf 69' lang='lat' dir='ltr'>et</span> <span class='ocrx_word' id='word_1_249' title='bbox 1220 1786 1337 1826; x_wconf 71' lang='lat' dir='ltr'>usqne</span> <span class='ocrx_word' id='word_1_250' title='bbox 1371 1771 1428 1811; x_wconf 76' lang='lat' dir='ltr'>ad</span> <span class='ocrx_word' id='word_1_251' title='bbox 1459 1785 1600 1810; x_wconf 73' lang='lat' dir='ltr'>nonam</span> <span class='ocrx_word' id='word_1_252' title='bbox 1624 1770 1867 1823; x_wconf 58' lang='lat' dir='ltr'>plystam&#39;am</span> 
     </span>
     <span class='ocr_line' id='line_1_30' title="bbox 348 1826 1871 1885; baseline -0.004 -14"><span class='ocrx_word' id='word_1_253' title='bbox 348 1838 529 1871; x_wconf 73' lang='lat' dir='ltr'>manento</span> <span class='ocrx_word' id='word_1_254' title='bbox 562 1838 595 1871; x_wconf 74' lang='lat' dir='ltr'>et</span> <span class='ocrx_word' id='word_1_255' title='bbox 627 1832 709 1885; x_wconf 67' lang='lat' dir='ltr'>ipse</span> <span class='ocrx_word' id='word_1_256' title='bbox 740 1829 888 1870; x_wconf 58' lang='grc' dir='ltr'>(ἱεόἵΐον</span> <span class='ocrx_word' id='word_1_257' title='bbox 918 1837 953 1870; x_wconf 74' lang='lat' dir='ltr'>et</span> <span class='ocrx_word' id='word_1_258' title='bbox 984 1830 1065 1883; x_wconf 71' lang='lat' dir='ltr'>ejus</span> <span class='ocrx_word' id='word_1_259' title='bbox 1100 1829 1214 1869; x_wconf 71' lang='lat' dir='ltr'>cades</span> <span class='ocrx_word' id='word_1_260' title='bbox 1243 1843 1269 1868; x_wconf 80' lang='grc' dir='ltr'>(ι</span> <span class='ocrx_word' id='word_1_261' title='bbox 1301 1828 1470 1868; x_wconf 62' lang='lat' dir='ltr'>vinculis</span> <span class='ocrx_word' id='word_1_262' title='bbox 1502 1828 1720 1871; x_wconf 68' lang='lat' dir='ltr'>immune5;</span> <span class='ocrx_word' id='word_1_263' title='bbox 1764 1826 1871 1879; x_wconf 70' lang='lat' dir='ltr'>quod</span> 
     </span>
     <span class='ocr_line' id='line_1_31' title="bbox 347 1883 1868 1941; baseline -0.004 -13"><span class='ocrx_word' id='word_1_264' title='bbox 347 1888 384 1928; x_wconf 70' lang='lat' dir='ltr'>si</span> <span class='ocrx_word' id='word_1_265' title='bbox 408 1894 538 1928; x_wconf 57' lang='lat' dir='ltr'>cuntem</span> <span class='ocrx_word' id='word_1_266' title='bbox 568 1893 660 1928; x_wconf 72' lang='lat' dir='ltr'>tnnc</span> <span class='ocrx_word' id='word_1_267' title='bbox 689 1887 872 1941; x_wconf 71' lang='lat' dir='ltr'>temporis</span> <span class='ocrx_word' id='word_1_268' title='bbox 901 1900 1040 1926; x_wconf 66' lang='lat' dir='ltr'>nomen</span> <span class='ocrx_word' id='word_1_269' title='bbox 1071 1891 1306 1940; x_wconf 63' lang='lat' dir='ltr'>arpzmctzmz</span> <span class='ocrx_word' id='word_1_270' title='bbox 1338 1898 1412 1924; x_wconf 70' lang='lat' dir='ltr'>uon</span> <span class='ocrx_word' id='word_1_271' title='bbox 1431 1884 1575 1936; x_wconf 59' lang='lat' dir='ltr'>siseris,</span> <span class='ocrx_word' id='word_1_272' title='bbox 1609 1890 1690 1923; x_wconf 75' lang='lat' dir='ltr'>tum</span> <span class='ocrx_word' id='word_1_273' title='bbox 1720 1883 1868 1922; x_wconf 72' lang='lat' dir='ltr'>debitor</span> 
     </span>
     <span class='ocr_line' id='line_1_32' title="bbox 349 1939 1866 1998; baseline -0.003 -15"><span class='ocrx_word' id='word_1_274' title='bbox 349 1945 391 1984; x_wconf 80' lang='grc' dir='ltr'><strong>ιή</strong></span> <span class='ocrx_word' id='word_1_275' title='bbox 414 1958 606 1984; x_wconf 69' lang='lat' dir='ltr'>carcerem</span> <span class='ocrx_word' id='word_1_276' title='bbox 628 1945 779 1998; x_wconf 62' lang='grc' dir='ltr'>ηιῖρνιοί,</span> <span class='ocrx_word' id='word_1_277' title='bbox 807 1943 949 1983; x_wconf 63' lang='lat' dir='ltr'>cadum</span> <span class='ocrx_word' id='word_1_278' title='bbox 972 1942 1067 1982; x_wconf 68' lang='lat' dir='ltr'>bona</span> <span class='ocrx_word' id='word_1_279' title='bbox 1091 1943 1356 1995; x_wconf 60' lang='grc' dir='ltr'>ιὀηῖῐεοαιιΐον.</span> <span class='ocrx_word' id='word_1_280' title='bbox 1389 1940 1583 1980; x_wconf 78' lang='lat' dir='ltr'><strong>REISK.</strong></span> <span class='ocrx_word' id='word_1_281' title='bbox 1632 1939 1725 1978; x_wconf 80' lang='lat' dir='ltr'>Non</span> <span class='ocrx_word' id='word_1_282' title='bbox 1747 1939 1866 1979; x_wconf 84' lang='lat' dir='ltr'>satis-</span> 
     </span>
     <span class='ocr_line' id='line_1_33' title="bbox 350 1996 1869 2051; baseline -0.003 -11"><span class='ocrx_word' id='word_1_283' title='bbox 350 2000 449 2040; x_wconf 81' lang='lat' dir='ltr'>facit</span> <span class='ocrx_word' id='word_1_284' title='bbox 484 2000 641 2040; x_wconf 85' lang='lat' dir='ltr'>Reiskii</span> <span class='ocrx_word' id='word_1_285' title='bbox 675 2000 785 2040; x_wconf 88' lang='lat' dir='ltr'>ratio</span> <span class='ocrx_word' id='word_1_286' title='bbox 817 1999 975 2040; x_wconf 90' lang='lat' dir='ltr'>tuentis</span> <span class='ocrx_word' id='word_1_287' title='bbox 1009 1999 1248 2051; x_wconf 58' lang='lat' dir='ltr'>vulgatam:</span> <span class='ocrx_word' id='word_1_288' title='bbox 1289 2012 1384 2037; x_wconf 90' lang='lat' dir='ltr'>nam</span> <span class='ocrx_word' id='word_1_289' title='bbox 1418 1996 1645 2036; x_wconf 81' lang='lat' dir='ltr'>infinitivus</span> <span class='ocrx_word' id='word_1_290' title='bbox 1679 1998 1869 2048; x_wconf 85' lang='grc' dir='ltr'>ἀφεῖσθαι</span> 
     </span>
     <span class='ocr_line' id='line_1_34' title="bbox 349 2051 1867 2110; baseline -0.003 -14"><span class='ocrx_word' id='word_1_291' title='bbox 349 2057 501 2110; x_wconf 88' lang='lat' dir='ltr'>pendet</span> <span class='ocrx_word' id='word_1_292' title='bbox 536 2071 618 2096; x_wconf 90' lang='lat' dir='ltr'>non</span> <span class='ocrx_word' id='word_1_293' title='bbox 649 2071 674 2096; x_wconf 87' lang='lat' dir='ltr'>a</span> <span class='ocrx_word' id='word_1_294' title='bbox 705 2056 929 2096; x_wconf 84' lang='lat' dir='ltr'>subaudito</span> <span class='ocrx_word' id='word_1_295' title='bbox 964 2052 1180 2101; x_wconf 52' lang='lat' dir='ltr'>efracssed</span> <span class='ocrx_word' id='word_1_296' title='bbox 1211 2055 1264 2094; x_wconf 88' lang='lat' dir='ltr'>ab</span> <span class='ocrx_word' id='word_1_297' title='bbox 1298 2054 1380 2094; x_wconf 78' lang='grc' dir='ltr'>εἶπε</span> <span class='ocrx_word' id='word_1_298' title='bbox 1410 2069 1447 2093; x_wconf 84' lang='lat' dir='ltr'>v.</span> <span class='ocrx_word' id='word_1_299' title='bbox 1475 2067 1538 2097; x_wconf 76' lang='lat'>20.</span> <span class='ocrx_word' id='word_1_300' title='bbox 1569 2068 1593 2093; x_wconf 88' lang='lat' dir='ltr'>a</span> <span class='ocrx_word' id='word_1_301' title='bbox 1625 2067 1706 2106; x_wconf 92' lang='lat' dir='ltr'>quo</span> <span class='ocrx_word' id='word_1_302' title='bbox 1738 2051 1867 2092; x_wconf 89' lang='lat' dir='ltr'>ceteri</span> 
     </span>
     <span class='ocr_line' id='line_1_35' title="bbox 351 2109 1868 2166; baseline -0.002 -15"><span class='ocrx_word' id='word_1_303' title='bbox 351 2113 541 2152; x_wconf 82' lang='lat' dir='ltr'>infinitivi</span> <span class='ocrx_word' id='word_1_304' title='bbox 564 2127 705 2152; x_wconf 90' lang='lat' dir='ltr'>omnes</span> <span class='ocrx_word' id='word_1_305' title='bbox 726 2118 940 2166; x_wconf 76' lang='lat' dir='ltr'>reguntur.</span> <span class='ocrx_word' id='word_1_306' title='bbox 991 2112 1109 2163; x_wconf 78' lang='lat' dir='ltr'>Quod</span> <span class='ocrx_word' id='word_1_307' title='bbox 1133 2111 1163 2150; x_wconf 89' lang='lat' dir='ltr'>si</span> <span class='ocrx_word' id='word_1_308' title='bbox 1188 2110 1377 2164; x_wconf 78' lang='lat' dir='ltr'>displicet</span> <span class='ocrx_word' id='word_1_309' title='bbox 1401 2109 1591 2150; x_wconf 84' lang='lat' dir='ltr'>Lambini</span> <span class='ocrx_word' id='word_1_310' title='bbox 1613 2109 1868 2162; x_wconf 82' lang='lat' dir='ltr'>conjectura,</span> 
     </span>
     <span class='ocr_line' id='line_1_36' title="bbox 350 2165 1869 2223; baseline -0.002 -16"><span class='ocrx_word' id='word_1_311' title='bbox 350 2169 606 2223; x_wconf 81' lang='lat' dir='ltr'>corrigamus</span> <span class='ocrx_word' id='word_1_312' title='bbox 636 2169 758 2209; x_wconf 74' lang='lat' dir='ltr'>licet:</span> <span class='ocrx_word' id='word_1_313' title='bbox 797 2170 847 2223; x_wconf 67' lang='grc' dir='ltr'>τῷ</span> <span class='ocrx_word' id='word_1_314' title='bbox 885 2171 924 2208; x_wconf 80' lang='grc' dir='ltr'>δὲ</span> <span class='ocrx_word' id='word_1_315' title='bbox 963 2167 1498 2218; x_wconf 79' lang='grc' dir='ltr'>καταστήσαντι-ἀφεῖσθαι</span> <span class='ocrx_word' id='word_1_316' title='bbox 1533 2167 1600 2206; x_wconf 86' lang='grc' dir='ltr'>τὸν</span> <span class='ocrx_word' id='word_1_317' title='bbox 1637 2165 1781 2214; x_wconf 84' lang='grc' dir='ltr'>δεσμὸν</span> <span class='ocrx_word' id='word_1_318' title='bbox 1817 2179 1869 2204; x_wconf 82' lang='lat' dir='ltr'>ex</span> 
     </span>
     <span class='ocr_line' id='line_1_37' title="bbox 354 2221 1868 2279; baseline -0.003 -14"><span class='ocrx_word' id='word_1_319' title='bbox 354 2225 410 2265; x_wconf 81' lang='lat' dir='ltr'>Y.</span> <span class='ocrx_word' id='word_1_320' title='bbox 435 2225 482 2265; x_wconf 90' lang='lat' dir='ltr'>O.</span> <span class='ocrx_word' id='word_1_321' title='bbox 509 2240 541 2264; x_wconf 91' lang='lat' dir='ltr'>r.</span> <span class='ocrx_word' id='word_1_322' title='bbox 605 2224 739 2279; x_wconf 80' lang='lat' dir='ltr'>Supra</span> <span class='ocrx_word' id='word_1_323' title='bbox 775 2239 811 2265; x_wconf 84' lang='lat' dir='ltr'>v.</span> <span class='ocrx_word' id='word_1_324' title='bbox 847 2237 910 2264; x_wconf 82' lang='lat'>21.</span> <span class='ocrx_word' id='word_1_325' title='bbox 949 2227 1104 2273; x_wconf 82' lang='grc' dir='ltr'>δεσμοῦ.</span> <span class='ocrx_word' id='word_1_326' title='bbox 1168 2223 1401 2263; x_wconf 82' lang='lat' dir='ltr'>Stultitiam</span> <span class='ocrx_word' id='word_1_327' title='bbox 1437 2222 1636 2262; x_wconf 88' lang='lat' dir='ltr'>orationis</span> <span class='ocrx_word' id='word_1_328' title='bbox 1674 2221 1868 2261; x_wconf 85' lang='lat' dir='ltr'>Reiskius</span> 
     </span>
     <span class='ocr_line' id='line_1_38' title="bbox 351 2277 1868 2336; baseline -0.002 -16"><span class='ocrx_word' id='word_1_329' title='bbox 351 2281 551 2321; x_wconf 87' lang='lat' dir='ltr'>miratur:</span> <span class='ocrx_word' id='word_1_330' title='bbox 587 2296 663 2336; x_wconf 78' lang='lat' dir='ltr'>ego</span> <span class='ocrx_word' id='word_1_331' title='bbox 692 2296 773 2321; x_wconf 90' lang='lat' dir='ltr'>non</span> <span class='ocrx_word' id='word_1_332' title='bbox 802 2281 914 2328; x_wconf 66' lang='lat' dir='ltr'>item.</span> <span class='ocrx_word' id='word_1_333' title='bbox 939 2280 1008 2335; x_wconf 87' lang='lat' dir='ltr'>qui</span> <span class='ocrx_word' id='word_1_334' title='bbox 1037 2279 1139 2319; x_wconf 88' lang='lat' dir='ltr'>nihil</span> <span class='ocrx_word' id='word_1_335' title='bbox 1167 2279 1233 2319; x_wconf 89' lang='lat' dir='ltr'>hic</span> <span class='ocrx_word' id='word_1_336' title='bbox 1261 2279 1424 2319; x_wconf 83' lang='lat' dir='ltr'>videam</span> <span class='ocrx_word' id='word_1_337' title='bbox 1447 2279 1556 2332; x_wconf 86' lang='lat' dir='ltr'>quod</span> <span class='ocrx_word' id='word_1_338' title='bbox 1585 2278 1761 2318; x_wconf 90' lang='lat' dir='ltr'>stultum</span> <span class='ocrx_word' id='word_1_339' title='bbox 1789 2277 1868 2318; x_wconf 89' lang='lat' dir='ltr'>dici</span> 
     </span>
     <span class='ocr_line' id='line_1_39' title="bbox 353 2334 1865 2390; baseline -0.003 -12"><span class='ocrx_word' id='word_1_340' title='bbox 353 2338 518 2378; x_wconf 87' lang='lat' dir='ltr'>debeat.</span> <span class='ocrx_word' id='word_1_341' title='bbox 581 2338 766 2379; x_wconf 83' lang='lat' dir='ltr'>Subaudi</span> <span class='ocrx_word' id='word_1_342' title='bbox 795 2338 845 2378; x_wconf 87' lang='lat' dir='ltr'>ad</span> <span class='ocrx_word' id='word_1_343' title='bbox 871 2339 940 2377; x_wconf 78' lang='grc' dir='ltr'>ἐὰν</span> <span class='ocrx_word' id='word_1_344' title='bbox 968 2338 1096 2390; x_wconf 72' lang='grc' dir='ltr'>ἀποδῷ</span> <span class='ocrx_word' id='word_1_345' title='bbox 1120 2336 1231 2390; x_wconf 84' lang='lat' dir='ltr'>quod</span> <span class='ocrx_word' id='word_1_346' title='bbox 1255 2336 1383 2376; x_wconf 83' lang='lat' dir='ltr'>habet</span> <span class='ocrx_word' id='word_1_347' title='bbox 1407 2334 1610 2374; x_wconf 87' lang='lat' dir='ltr'>Libanius</span> <span class='ocrx_word' id='word_1_348' title='bbox 1631 2349 1670 2388; x_wconf 90' lang='lat' dir='ltr'>p.</span> <span class='ocrx_word' id='word_1_349' title='bbox 1695 2336 1788 2385; x_wconf 74' lang='lat'><strong>694,</strong></span> <span class='ocrx_word' id='word_1_350' title='bbox 1815 2336 1836 2373; x_wconf 87' lang='lat'><em>8</em></span> <span class='ocrx_word' id='word_1_351' title='bbox 1857 2349 1865 2373; x_wconf 76' lang='grc' dir='ltr'>ε</span> 
     </span>
     <span class='ocr_line' id='line_1_40' title="bbox 354 2390 1869 2447; baseline -0.003 -13"><span class='ocrx_word' id='word_1_352' title='bbox 354 2394 461 2436; x_wconf 83' lang='grc' dir='ltr'>ἐντὸς</span> <span class='ocrx_word' id='word_1_353' title='bbox 481 2396 592 2446; x_wconf 83' lang='grc' dir='ltr'>ῥητῆς</span> <span class='ocrx_word' id='word_1_354' title='bbox 613 2396 864 2445; x_wconf 81' lang='grc' dir='ltr'>προθεσμίας.</span> <span class='ocrx_word' id='word_1_355' title='bbox 926 2393 1097 2433; x_wconf 82' lang='lat' dir='ltr'>Addere</span> <span class='ocrx_word' id='word_1_356' title='bbox 1118 2392 1330 2447; x_wconf 79' lang='lat' dir='ltr'>legislator</span> <span class='ocrx_word' id='word_1_357' title='bbox 1356 2391 1603 2446; x_wconf 84' lang='lat' dir='ltr'>supersedit,</span> <span class='ocrx_word' id='word_1_358' title='bbox 1627 2390 1723 2444; x_wconf 82' lang='lat' dir='ltr'>quia</span> <span class='ocrx_word' id='word_1_359' title='bbox 1747 2405 1869 2444; x_wconf 82' lang='lat' dir='ltr'>prox-</span> 
     </span>
     <span class='ocr_line' id='line_1_41' title="bbox 354 2446 1871 2505; baseline -0.003 -15"><span class='ocrx_word' id='word_1_360' title='bbox 354 2451 433 2490; x_wconf 87' lang='lat' dir='ltr'>ime</span> <span class='ocrx_word' id='word_1_361' title='bbox 462 2451 679 2505; x_wconf 84' lang='lat' dir='ltr'>sequentia</span> <span class='ocrx_word' id='word_1_362' title='bbox 700 2452 770 2501; x_wconf 79' lang='grc' dir='ltr'>τὴν</span> <span class='ocrx_word' id='word_1_363' title='bbox 796 2449 1040 2501; x_wconf 82' lang='grc' dir='ltr'>προθεσμίαν</span> <span class='ocrx_word' id='word_1_364' title='bbox 1062 2449 1165 2490; x_wconf 83' lang='lat' dir='ltr'>satis</span> <span class='ocrx_word' id='word_1_365' title='bbox 1194 2449 1409 2488; x_wconf 82' lang='lat' dir='ltr'>definiunt.</span> <span class='ocrx_word' id='word_1_366' title='bbox 1472 2448 1649 2488; x_wconf 87' lang='lat' dir='ltr'>Omnino</span> <span class='ocrx_word' id='word_1_367' title='bbox 1671 2447 1807 2500; x_wconf 83' lang='lat' dir='ltr'>legum</span> <span class='ocrx_word' id='word_1_368' title='bbox 1827 2446 1871 2486; x_wconf 89' lang='lat' dir='ltr'>in</span> 
     </span>
     <span class='ocr_line' id='line_1_42' title="bbox 352 2503 1870 2562; baseline -0.001 -16"><span class='ocrx_word' id='word_1_369' title='bbox 352 2507 536 2547; x_wconf 81' lang='lat' dir='ltr'>formulis</span> <span class='ocrx_word' id='word_1_370' title='bbox 569 2508 723 2562; x_wconf 87' lang='lat' dir='ltr'>passim</span> <span class='ocrx_word' id='word_1_371' title='bbox 756 2508 951 2561; x_wconf 78' lang='lat' dir='ltr'>leguntur</span> <span class='ocrx_word' id='word_1_372' title='bbox 983 2521 1100 2560; x_wconf 81' lang='lat' dir='ltr'>quae,</span> <span class='ocrx_word' id='word_1_373' title='bbox 1135 2506 1169 2545; x_wconf 92' lang='lat' dir='ltr'>si</span> <span class='ocrx_word' id='word_1_374' title='bbox 1202 2506 1256 2546; x_wconf 89' lang='lat' dir='ltr'>ad</span> <span class='ocrx_word' id='word_1_375' title='bbox 1287 2505 1424 2545; x_wconf 78' lang='lat' dir='ltr'>vivum</span> <span class='ocrx_word' id='word_1_376' title='bbox 1460 2518 1632 2552; x_wconf 81' lang='lat' dir='ltr'>reseces,</span> <span class='ocrx_word' id='word_1_377' title='bbox 1664 2503 1870 2544; x_wconf 79' lang='lat' dir='ltr'>mirabilia</span> 
     </span>
     <span class='ocr_line' id='line_1_43' title="bbox 354 2560 1871 2617; baseline -0.001 -15"><span class='ocrx_word' id='word_1_378' title='bbox 354 2563 587 2604; x_wconf 84' lang='lat' dir='ltr'>videantur.</span> <span class='ocrx_word' id='word_1_379' title='bbox 650 2565 777 2604; x_wconf 78' lang='lat' dir='ltr'>Velut</span> <span class='ocrx_word' id='word_1_380' title='bbox 810 2563 920 2617; x_wconf 85' lang='lat' dir='ltr'>quod</span> <span class='ocrx_word' id='word_1_381' title='bbox 951 2563 1057 2602; x_wconf 77' lang='lat' dir='ltr'>infra</span> <span class='ocrx_word' id='word_1_382' title='bbox 1086 2578 1124 2617; x_wconf 89' lang='lat' dir='ltr'>p.</span> <span class='ocrx_word' id='word_1_383' title='bbox 1152 2564 1244 2615; x_wconf 84' lang='grc'>716,</span> <span class='ocrx_word' id='word_1_384' title='bbox 1273 2574 1449 2614; x_wconf 82' lang='lat'><strong>15—20.</strong></span> <span class='ocrx_word' id='word_1_385' title='bbox 1482 2566 1548 2601; x_wconf 88' lang='lat' dir='ltr'>ter</span> <span class='ocrx_word' id='word_1_386' title='bbox 1577 2560 1750 2615; x_wconf 82' lang='lat' dir='ltr'>legimus</span> <span class='ocrx_word' id='word_1_387' title='bbox 1780 2560 1871 2611; x_wconf 84' lang='grc' dir='ltr'>πρὶν</span> 
     </span>
     <span class='ocr_line' id='line_1_44' title="bbox 355 2615 1870 2672; baseline -0.002 -14"><span class='ocrx_word' id='word_1_388' title='bbox 355 2621 514 2667; x_wconf 79' lang='grc' dir='ltr'>ἐκτῖσαι,</span> <span class='ocrx_word' id='word_1_389' title='bbox 550 2620 801 2661; x_wconf 73' lang='lat' dir='ltr'>cavillator-is</span> <span class='ocrx_word' id='word_1_390' title='bbox 837 2620 892 2660; x_wconf 79' lang='lat' dir='ltr'>sit</span> <span class='ocrx_word' id='word_1_391' title='bbox 927 2619 987 2659; x_wconf 87' lang='lat' dir='ltr'>ita</span> <span class='ocrx_word' id='word_1_392' title='bbox 1023 2618 1304 2672; x_wconf 68' lang='lat' dir='ltr'>interpretari,</span> <span class='ocrx_word' id='word_1_393' title='bbox 1337 2618 1455 2672; x_wconf 87' lang='lat' dir='ltr'>quasi</span> <span class='ocrx_word' id='word_1_394' title='bbox 1489 2617 1571 2657; x_wconf 84' lang='lat' dir='ltr'>tale</span> <span class='ocrx_word' id='word_1_395' title='bbox 1609 2616 1707 2670; x_wconf 87' lang='lat' dir='ltr'>quid</span> <span class='ocrx_word' id='word_1_396' title='bbox 1743 2615 1870 2656; x_wconf 86' lang='lat' dir='ltr'>etiam</span> 
     </span>
     <span class='ocr_line' id='line_1_45' title="bbox 354 2673 1870 2730; baseline -0.003 -15"><span class='ocrx_word' id='word_1_397' title='bbox 354 2678 450 2726; x_wconf 79' lang='grc' dir='ltr'>μετὰ</span> <span class='ocrx_word' id='word_1_398' title='bbox 480 2677 524 2716; x_wconf 85' lang='grc' dir='ltr'>τὸ</span> <span class='ocrx_word' id='word_1_399' title='bbox 559 2679 708 2717; x_wconf 86' lang='grc' dir='ltr'>ἐκτῖσαι</span> <span class='ocrx_word' id='word_1_400' title='bbox 738 2676 827 2717; x_wconf 90' lang='lat' dir='ltr'>fieri</span> <span class='ocrx_word' id='word_1_401' title='bbox 862 2676 1008 2730; x_wconf 84' lang='lat' dir='ltr'>possit.</span> <span class='ocrx_word' id='word_1_402' title='bbox 1071 2676 1139 2714; x_wconf 74' lang='lat' dir='ltr'>Ad</span> <span class='ocrx_word' id='word_1_403' title='bbox 1170 2675 1279 2729; x_wconf 76' lang='lat' dir='ltr'>leges</span> <span class='ocrx_word' id='word_1_404' title='bbox 1311 2675 1391 2715; x_wconf 88' lang='lat' dir='ltr'>rite</span> <span class='ocrx_word' id='word_1_405' title='bbox 1423 2673 1760 2727; x_wconf 87' lang='lat' dir='ltr'>interpretandas</span> <span class='ocrx_word' id='word_1_406' title='bbox 1787 2686 1870 2711; x_wconf 92' lang='lat' dir='ltr'>non</span> 
     </span>
     <span class='ocr_line' id='line_1_46' title="bbox 356 2728 1868 2788; baseline -0.003 -17"><span class='ocrx_word' id='word_1_407' title='bbox 356 2732 655 2773; x_wconf 76' lang='lat' dir='ltr'>calumnia-rum</span> <span class='ocrx_word' id='word_1_408' title='bbox 709 2733 956 2788; x_wconf 77' lang='lat' dir='ltr'>argutiolae,</span> <span class='ocrx_word' id='word_1_409' title='bbox 1010 2732 1082 2771; x_wconf 86' lang='lat' dir='ltr'>sed</span> <span class='ocrx_word' id='word_1_410' title='bbox 1138 2746 1281 2771; x_wconf 88' lang='lat' dir='ltr'>sensus</span> <span class='ocrx_word' id='word_1_411' title='bbox 1337 2744 1574 2771; x_wconf 87' lang='lat' dir='ltr'>communes</span> <span class='ocrx_word' id='word_1_412' title='bbox 1629 2728 1868 2770; x_wconf 87' lang='lat' dir='ltr'>adhibendi.</span> 
     </span>
     <span class='ocr_line' id='line_1_47' title="bbox 357 2788 610 2830; baseline 0.008 -3"><span class='ocrx_word' id='word_1_413' title='bbox 357 2788 610 2830; x_wconf 68' lang='lat' dir='ltr'><strong>SCHAEF.</strong></span> 
     </span>
    </p>

    <p class='ocr_par' dir='ltr' id='par_1_5' title="bbox 356 2841 1870 2954">
     <span class='ocr_line' id='line_1_48' title="bbox 416 2841 1870 2899; baseline -0.001 -16"><span class='ocrx_word' id='word_1_414' title='bbox 416 2856 507 2898; x_wconf 78' lang='lat'>713,</span> <span class='ocrx_word' id='word_1_415' title='bbox 535 2858 571 2885; x_wconf 82' lang='lat'>2.</span> <span class='ocrx_word' id='word_1_416' title='bbox 605 2844 908 2899; x_wconf 75' lang='grc' dir='ltr'>ἐξεγγυηθέντα]</span> <span class='ocrx_word' id='word_1_417' title='bbox 933 2845 1048 2885; x_wconf 83' lang='lat' dir='ltr'>Citat</span> <span class='ocrx_word' id='word_1_418' title='bbox 1079 2845 1117 2884; x_wconf 88' lang='lat' dir='ltr'>h.</span> <span class='ocrx_word' id='word_1_419' title='bbox 1140 2845 1164 2884; x_wconf 96' lang='lat' dir='ltr'>l.</span> <span class='ocrx_word' id='word_1_420' title='bbox 1200 2843 1513 2898; x_wconf 88' lang='lat' dir='ltr'>Harpocration</span> <span class='ocrx_word' id='word_1_421' title='bbox 1543 2857 1580 2881; x_wconf 83' lang='lat' dir='ltr'>v.</span> <span class='ocrx_word' id='word_1_422' title='bbox 1603 2841 1870 2894; x_wconf 77' lang='grc' dir='ltr'>Ἐξεγγύησις,</span> 
     </span>
     <span class='ocr_line' id='line_1_49' title="bbox 356 2898 1670 2954; baseline -0.002 -15"><span class='ocrx_word' id='word_1_423' title='bbox 356 2914 432 2954; x_wconf 90' lang='lat' dir='ltr'>per</span> <span class='ocrx_word' id='word_1_424' title='bbox 452 2902 675 2942; x_wconf 88' lang='lat' dir='ltr'>memoriae</span> <span class='ocrx_word' id='word_1_425' title='bbox 696 2916 879 2942; x_wconf 90' lang='lat' dir='ltr'>errorem</span> <span class='ocrx_word' id='word_1_426' title='bbox 901 2902 1238 2941; x_wconf 79' lang='lat' dir='ltr'>Aristocrateam</span> <span class='ocrx_word' id='word_1_427' title='bbox 1260 2901 1446 2940; x_wconf 87' lang='lat' dir='ltr'>laudans.</span> <span class='ocrx_word' id='word_1_428' title='bbox 1479 2898 1670 2939; x_wconf 83' lang='lat' dir='ltr'><strong>REISK.</strong></span> 
     </span>
    </p>
   </div>
   <div class='ocr_carea' id='block_1_3' title="bbox 418 2951 1872 3011">
    <p class='ocr_par' dir='ltr' id='par_1_6' title="bbox 418 2951 1872 3011">
     <span class='ocr_line' id='line_1_50' title="bbox 418 2951 1872 3011; baseline -0.001 -15"><span class='ocrx_word' id='word_1_429' title='bbox 418 2969 509 3011; x_wconf 66' lang='lat'>713.</span> <span class='ocrx_word' id='word_1_430' title='bbox 532 2971 572 3011; x_wconf 82' lang='lat'>3.</span> <span class='ocrx_word' id='word_1_431' title='bbox 594 2959 679 3009; x_wconf 86' lang='grc' dir='ltr'>περὶ</span> <span class='ocrx_word' id='word_1_432' title='bbox 701 2961 741 2998; x_wconf 79' lang='grc' dir='ltr'>δὲ</span> <span class='ocrx_word' id='word_1_433' title='bbox 765 2959 960 2999; x_wconf 83' lang='grc' dir='ltr'>τῶν-καὶ</span> <span class='ocrx_word' id='word_1_434' title='bbox 987 2957 1244 3010; x_wconf 76' lang='grc' dir='ltr'>ἐκλεγόντων]</span> <span class='ocrx_word' id='word_1_435' title='bbox 1267 2957 1323 2997; x_wconf 84' lang='lat' dir='ltr'>V.</span> <span class='ocrx_word' id='word_1_436' title='bbox 1346 2971 1383 3010; x_wconf 88' lang='lat' dir='ltr'>p.</span> <span class='ocrx_word' id='word_1_437' title='bbox 1410 2966 1503 3010; x_wconf 74' lang='grc'>745,</span> <span class='ocrx_word' id='word_1_438' title='bbox 1526 2967 1587 3010; x_wconf 85' lang='lat'>15.</span> <span class='ocrx_word' id='word_1_439' title='bbox 1622 2951 1872 2997; x_wconf 81' lang='lat' dir='ltr'><strong>SCHAEF.</strong></span> 
     </span>
    </p>
   </div>
  </div>
 </body>
</html>
