1997 3256
346 141 406 181 IN
440 139 796 181 ORATIONEM
835 139 1360 180 ARISTOGRATEAM.
1527 142 1609 180 853

96 251 172 287 aut
192 261 218 287 a
238 247 362 287 lebus
382 246 574 301 gerendis
595 261 646 286 av
649 245 804 286 ocati).
867 245 961 285 Duo
983 250 1124 286 autem
1145 245 1201 285 illi
1223 260 1304 285 non
1327 245 1512 286 sufficere
1535 247 1609 286 visi

96 306 206 351 sunt,
230 303 383 356 quippe
410 317 537 343 unum
566 303 680 342 illum
708 316 789 341 non
817 302 994 341 multum
1021 317 1083 355 pr
1072 308 1175 342 aest
1167 317 1237 342 siut
1263 302 1369 342 bello
1385 312 1413 349 Ζ,
1438 307 1480 343 et
1507 303 1609 343 11111(-

95 373 199 406 rum,
229 359 415 412 quamvis
447 359 598 399 eximia
627 359 782 398 viltute
813 357 1027 412 insignem
1058 358 1164 398 nolle
1196 358 1348 412 ubique
1379 359 1457 398 sibi
1488 359 1609 399 mori-

93 415 233 469 geraii
254 415 581 470 intelligentibus
596 427 626 455 a.

154 471 444 526 Psephismate
485 472 614 526 igitur
655 470 764 510 suob
805 484 880 524 pro
921 471 1106 524 acceptis
1146 471 1355 511 beneficiis
1395 471 1526 511 tutari
1567 478 1609 512 et

94 527 300 568 honorare
329 528 617 569 Aristocrates
648 527 777 567 voluit
806 526 1101 567 Charidemum
1132 541 1306 580 eumque
1340 527 1401 567 ita
1433 528 1610 568 Atheni-

94 584 262 624 ensibus
292 584 511 631 devincire,
544 589 589 624 ut
622 584 663 623 in
694 588 883 637 tempore
914 583 962 622 iis
998 598 1105 623 nova
1136 584 1355 623 commoda
1389 585 1610 637 praeberet

95 639 373 694 ipsorumque,
412 641 445 680 si
487 655 584 680 usus
618 642 759 688 ferret,
798 640 881 679 dux
922 639 1054 679 fieret.
1117 639 1260 679 Talem
1301 640 1409 679 euim
1450 641 1609 689 ducem,

95 696 229 749 qualis
258 697 337 737 fuit
366 697 651 746 Charidemus,
675 697 970 737 desiderabant
1000 695 1068 735 illo
1100 701 1288 749 tempore
1316 696 1609 744 Athenienses,

95 753 247 807 quippe
276 754 358 807 qui,
382 759 428 794 ut
459 754 666 794 Isocrates
694 753 736 793 iu
765 758 872 793 orat.
901 753 952 792 de
980 756 1206 806 permutat.
1231 754 1382 803 §.128.
1404 752 1517 799 (licit,
1541 768 1612 793 eos

94 809 229 848 solum
264 810 372 849 viros
408 810 626 858 haberent,
663 810 732 864 qui
767 809 901 849 minas
933 809 1126 862 jacerent
1160 814 1401 862 metumque
1437 809 1611 849 urbibus

93 864 333 906 incuterent
354 872 396 906 et
424 866 465 905 iu
494 866 615 906 sociis
643 881 805 920 semper
833 866 927 906 novi
954 865 1113 919 aliquid
1140 872 1367 905 moverent.
1430 865 1495 905 Ac
1517 881 1612 919 pro-

93 921 203 961 fecto
231 922 503 962 Charidemus
531 923 697 976 ingenio
726 924 810 962 dux
839 922 967 962 habili
995 922 1075 962 fuit
1102 922 1157 962 ad
1184 921 1463 961 mercenarios
1491 922 1610 962 facile

92 978 385 1018 conducendos
412 983 456 1019 et
483 979 680 1027 subsidia,
708 979 858 1033 quibus
889 979 1112 1027 alerentur,
1143 978 1424 1031 conquirenda
1456 977 1517 1018 ita
1549 984 1608 1028 ut,

95 1049 225 1087 quum
260 1035 313 1074 ad
351 1049 533 1075 summas
571 1036 787 1090 angustias
827 1035 998 1076 adducti
1034 1040 1188 1083 essent,
1221 1035 1426 1075 haberent
1462 1035 1531 1089 qui
1568 1035 1611 1075 iu

91 1090 228 1130 locum
262 1091 498 1144 Iphicratis,
528 1092 749 1140 Chabriae,
778 1092 987 1133 Timothei
1018 1092 1243 1131 succedens
1271 1091 1382 1144 ipsos
1411 1106 1486 1132 sua
1514 1106 1610 1145 pru-

91 1147 236 1188 dentia
259 1153 301 1188 et
323 1148 551 1188 calliditate
576 1148 717 1188 sublev
719 1159 825 1189 aifflet
887 1148 981 1188 Hoc
1003 1148 1112 1188 enim
1134 1148 1267 1201 ipsum
1294 1152 1516 1201 spectasse,
1539 1149 1609 1202 qui

92 1203 386 1244 Chalidelnum
409 1205 555 1245 ducem
576 1205 707 1245 eleari
730 1205 893 1253 vellent,
916 1205 1136 1259 conjicitur
1157 1219 1207 1245 ex
1230 1219 1293 1254 eo,
1312 1205 1423 1258 quod
1446 1205 1608 1259 ΟΙ)111Ρ.

96 1273 187 1311 107,
214 1274 251 1302 2.
276 1267 465 1301 extlemo
493 1266 681 1302 creatum
710 1276 803 1301 cum
832 1262 973 1301 decem
1002 1261 1176 1301 navibus
1196 1261 1336 1300 vacuis
1364 1266 1407 1301 et
1429 1262 1610 1315 quinque

90 1316 262 1357 talentis
290 1317 454 1372 algenti
481 1318 560 1358 adv
564 1332 680 1358 ersus
703 1318 942 1372 Philippum
966 1317 1178 1358 Heraeum
1208 1317 1469 1357 obsidentem
1490 1318 1609 1358 mise-

90 1378 205 1421 runt,
239 1388 311 1427 spe
344 1375 453 1414 bona
486 1380 702 1428 concepta,
736 1390 829 1414 eum
865 1380 908 1415 et
943 1374 1098 1414 milites
1133 1374 1186 1414 ad
1221 1374 1451 1427 implendas
1484 1389 1609 1414 naves

90 1436 335 1483 paraturum
358 1436 400 1471 et
422 1430 621 1485 quidquid
649 1431 847 1484 pecuniae
873 1431 1048 1477 deesset,
1072 1436 1314 1470 coacturum
1327 1438 1354 1469 C.
1416 1431 1607 1479 Accedit,

91 1487 202 1540 quod
239 1486 569 1527 Atheniensibus
604 1486 706 1526 nihil
746 1501 885 1527 rerum
926 1487 1110 1526 omnium
1146 1487 1237 1535 fuit,
1276 1486 1387 1540 quod
1423 1487 1605 1535 mallent,

90 1557 215 1596 quam
251 1543 525 1597 Amphipolin
561 1543 638 1584 sibi
675 1543 910 1598 recuperari
947 1548 991 1584 et
1027 1543 1190 1583 defendi
1223 1558 1319 1584 suas
1355 1543 1398 1582 in
1431 1543 1609 1584 Thracia

133 1699 151 1723 y
174 1692 298 1723 Cornel.
329 1693 434 1733 Nepos
461 1694 518 1724 vit.
545 1694 706 1725 Timothei
734 1705 760 1724 c.
787 1704 815 1733 3.

88 1734 156 1766 ita:
181 1736 202 1752 “
217 1736 305 1766 Haec
326 1743 469 1767 extrema
489 1737 552 1767 fuit
571 1745 658 1767 aetas
679 1738 815 1776 impera-

88 1783 194 1807 torum
227 1778 487 1816 Atheniensium,
520 1780 697 1818 Iphicratis,
730 1781 815 1810 Cha-

87 1821 186 1856 briae,
205 1821 377 1859 Timothei,
395 1832 498 1861 neque
514 1829 582 1861 post
603 1822 729 1852 illorum
751 1823 816 1852 obi-

87 1868 158 1892 tum
189 1864 356 1903 quisquam
393 1866 459 1894 dux
498 1865 529 1894 in
562 1864 615 1894 illa
644 1866 724 1895 urbe
753 1866 815 1895 fuit

87 1906 205 1945 dignus
234 1907 419 1937 memoria.''
476 1908 569 1937 Certe
601 1907 754 1937 Chabrias
785 1915 815 1938 et

89 1948 278 1979 Timotheus
304 1960 321 1979 e
347 1950 413 1980 vita
443 1950 648 1980 discesserant
676 1957 815 1988 tempore

86 1990 183 2029 hujus
210 1992 380 2027 orationis:
410 1992 462 2023 ille
486 1993 577 2022 initio
600 1992 669 2022 belli
695 1993 814 2023 socialis

87 2033 214 2073 Olymp.
233 2042 301 2072 105,
319 2043 362 2071 4.,
381 2035 570 2065 Timotheus
585 2035 705 2074 aliquot
721 2036 813 2066 aunis

87 2082 166 2115 post,
191 2084 227 2106 ut
253 2084 358 2107 censet
383 2077 524 2108 Clintou.
544 2078 630 2108 Fast.
656 2078 812 2108 Hellenic.

86 2120 194 2149 eodem
232 2130 329 2156 anno,
369 2131 430 2159 quo
468 2121 695 2151 condemnatus
732 2129 809 2159 erat,

87 2160 216 2201 Olymp.
236 2161 304 2200 106,
321 2171 363 2200 3.,
380 2174 478 2202 quum
495 2174 527 2193 se
544 2163 722 2193 Chalcidem
740 2174 812 2193 con-

86 2203 218 2233 tulisset.
246 2205 293 2234 Cf.
312 2205 450 2235 Boeckh.
467 2207 505 2236 de
521 2216 554 2236 re
571 2206 675 2235 navali
693 2217 721 2246 p.
739 2216 810 2244 350.

87 2247 146 2276 Sed
166 2247 335 2285 Iphicratis
351 2248 449 2278 vitam
468 2249 616 2278 Reiskius
632 2249 697 2278 ind.
716 2249 813 2279 histo-

86 2289 140 2319 ric.
158 2289 190 2319 iu
210 2290 414 2321 Demosthen.
434 2302 462 2330 p.
477 2291 560 2329 576„
577 2292 674 2328 1115115,
692 2292 812 2330 opinor,

86 2332 189 2362 verbis
229 2332 359 2362 Diodori
400 2333 447 2370 16,
485 2334 548 2372 85„
586 2334 735 2373 produxit
772 2335 812 2363 ad

87 2374 217 2414 Olymp.
240 2384 307 2412 110,
327 2384 367 2413 2.‚
392 2376 439 2405 cui
466 2385 551 2405 anno
578 2387 639 2406 nou
664 2377 812 2406 convenit

87 2417 294 2447 Deinostheu.
324 2427 354 2456 p.
380 2425 463 2456 534„
488 2419 542 2447 ubi
571 2420 687 2448 verba:
711 2418 812 2448 καίτοι

86 2460 183 2497 φασὶν
199 2458 380 2497 Ἰφικράτην
400 2461 469 2489 ποτ’
488 2461 605 2490 ἐκεῖνον
622 2462 753 2490 Διοκλεῖ
768 2463 812 2499 τῷ

87 2503 199 2532 Πιτθεῖ
211 2502 251 2531 τὰ
270 2501 412 2539 μάλιστα
429 2504 531 2532 ἐλθεῖν
548 2502 589 2533 εἷς
612 2502 736 2542 ἔχθραν·
762 2504 810 2533 111-

85 2545 192 2575 dicant
207 2555 281 2575 eum
299 2556 362 2574 nou
383 2546 518 2584 amplius
536 2545 664 2585 Olymp.
685 2554 752 2583 107,
770 2555 811 2583 4.,

84 2588 118 2617 in
143 2598 235 2627 quem
259 2588 313 2617 illa
338 2589 438 2618 oratio
461 2588 582 2624 incidit,
607 2588 639 2616 iu
663 2588 742 2618 vivis
764 2589 813 2617 fn-

85 2630 154 2660 isse.
184 2630 335 2661 Similiter
351 2632 388 2660 de
405 2637 530 2660 mortno
549 2630 718 2660 Timotheo
732 2637 811 2660 orat.

84 2674 123 2703 de
140 2673 292 2704 Cherson.
310 2683 340 2712 p.
358 2673 428 2703 108.
446 2671 592 2710 Τιμόθεός
609 2673 678 2702 ποτ’
697 2673 812 2703 ἐκεῖνος

84 2727 114 2745 κ.
131 2727 159 2744 τ.
179 2720 211 2744 λ.
239 2715 358 2754 Aliquo
374 2723 481 2746 tamen
498 2716 595 2754 hujus
612 2715 811 2755 Olympiadis

84 2767 169 2787 anno
185 2765 347 2787 mortuum
368 2769 433 2788 esse
450 2765 548 2797 puto:
573 2768 646 2787 nam
663 2768 735 2787 enni
754 2757 809 2786 Ti-

84 2800 212 2829 motheo
233 2801 342 2839 capitis
364 2808 528 2831 accusatus
551 2808 619 2839 post
641 2800 809 2830 absolutio-

83 2852 157 2872 nem
174 2843 254 2872 vixit
276 2843 308 2871 iu
330 2843 456 2882 aliquod
477 2849 614 2882 tempus,
633 2842 761 2881 placatis
778 2842 810 2871 in

84 2894 126 2922 se,
151 2890 229 2914 teste
253 2885 399 2915 Cornelio
423 2886 545 2925 Nepote
568 2895 594 2915 c.
616 2894 660 2923 3.,
681 2895 810 2915 suorum

84 2937 201 2957 c1v11nn
219 2937 344 2957 animis.

127 2975 142 2992 Ζ
160 2969 325 2999 Cornelius
343 2970 447 3008 Nepos
464 2970 519 3000 vit.
539 2969 699 3000 Timothei
717 2980 741 3000 c.
759 2979 788 3007 3.
803 2982 809 2999 :

885 1696 905 1711 “
924 1694 1090 1734 Philippus
1103 1695 1170 1733 jam
1187 1700 1255 1725 tum
1272 1695 1381 1724 valeus
1400 1695 1502 1725 multa
1520 1695 1609 1726 moli-

883 1738 1004 1773 ebatur,
1021 1738 1071 1767 0111
1088 1737 1249 1776 oppositus
1267 1739 1385 1767 Chares
1401 1748 1499 1776 quum
1516 1744 1608 1776 esset,

883 1790 947 1809 11011
964 1781 1038 1810 satis
1055 1781 1087 1809 iu
1103 1791 1140 1810 eo
1156 1781 1300 1819 praesidii
1318 1781 1526 1819 putal›atur.''
1557 1782 1606 1811 Cf.

884 1823 938 1852 vit.
959 1823 1115 1853 Chabriae
1131 1833 1154 1852 c.
1174 1832 1205 1861 3.
1246 1823 1376 1853 Diodor.
1399 1823 1445 1861 16,
1463 1823 1514 1862 85.
1561 1825 1608 1853 At

882 1866 1023 1895 defendit
1044 1876 1116 1895 011111
1140 1865 1370 1896 Demosthenes
1392 1877 1419 1905 p.
1439 1875 1523 1904 447„
1541 1865 1607 1896 cul-

882 1918 954 1946 pam
982 1908 1063 1938 male
1086 1909 1124 1937 ab
1151 1919 1187 1938 eo
1210 1909 1365 1938 factorum
1390 1909 1529 1948 aliquam
1553 1919 1608 1948 po-

882 1951 958 1989 pulo
978 1951 1165 1980 attribuens.

925 1998 942 2015 a
960 1993 1126 2023 Phocionis
1150 2004 1250 2023 mores
1274 2000 1304 2024 et
1329 2000 1478 2023 naturam
1501 1994 1609 2023 diffici-

882 2035 941 2065 lem
958 2036 1105 2066 describit
1124 2037 1346 2066 Bruecknerus
1365 2037 1449 2066 Hist.
1471 2036 1605 2076 Philipp.

880 2089 910 2117 p.
933 2088 1001 2108 112.

925 2122 941 2145 b
971 2121 1078 2160 Specie
1105 2122 1233 2169 quidem
1261 2121 1514 2151 Aristoclatenm
1543 2133 1606 2150 nou

880 2170 947 2193 eiat
961 2163 1184 2202 justissimum,
1202 2164 1264 2193 imo
1279 2164 1399 2194 atiocitz
1400 2164 1450 2193 itis
1466 2164 1537 2203 plen
1542 2165 1608 2194 1551-

880 2202 979 2236 mum.
1027 2206 1186 2243 Alterum,
1217 2208 1268 2237 sed
1298 2218 1314 2237 e
1340 2207 1533 2246 plaescripto
1563 2207 1605 2237 le-

880 2260 956 2287 gum
984 2256 1180 2288 lweceptalllm
1213 2250 1369 2279 sancitum
1397 2249 1606 2288 divulgarunt

880 2292 1049 2330 Adolpbus
1088 2291 1260 2322 Schoellius
1297 2293 1330 2321 111
1370 2292 1518 2331 symbolis
1556 2303 1604 2322 re-

881 2344 952 2363 rum
980 2335 1078 2373 antiq.
1103 2335 1137 2363 in
1165 2334 1298 2364 Graecia
1323 2333 1457 2364 collectis
1482 2335 1555 2364 fasc.
1580 2345 1604 2364 1.

881 2386 911 2415 p.
953 2377 1003 2415 87.
1054 2383 1085 2406 et
1122 2377 1200 2406 Eru.
1238 2376 1369 2406 Curtius
1407 2376 1603 2415 inscription.

881 2419 980 2448 Attic.
1011 2429 1114 2458 nuper
1145 2419 1276 2457 repertis
1307 2420 1471 2449 duodecim
1502 2429 1533 2458 p.
1557 2427 1603 2458 15.

880 2462 962 2499 qnod
985 2463 1145 2500 superiore
1167 2468 1256 2500 parte
1277 2461 1437 2491 divulsum
1453 2462 1485 2490 in
1503 2473 1605 2491 uuum

879 2505 1138 2543 conjungendum
1162 2511 1218 2542 est,
1242 2505 1387 2543 quodque
1410 2505 1527 2543 partim
1550 2505 1604 2534 ho—

880 2556 950 2575 rum
977 2547 1116 2575 virorum
1146 2547 1300 2583 acumine,
1325 2547 1441 2585 partim
1469 2547 1602 2576 aliorum

878 2599 974 2627 opera
1001 2591 1185 2619 restitutum
1212 2589 1256 2619 sic
1281 2599 1446 2628 bropono:
1471 2589 1545 2619 Ἐὰν
1572 2588 1607 2619 δέ

879 2642 927 2661 τις
954 2631 1121 2671 ἀποκτείνῃ
1145 2633 1208 2660 τῶν
1234 2631 1350 2661 παίδων
1375 2631 1445 2661 τινὰ
1467 2633 1530 2662 τῶν
1552 2633 1604 2661 Ἀ-

879 2672 1010 2711 ρύββου,
1028 2675 1144 2703 ἐπεῖναι
1159 2673 1216 2704 τὰς
1236 2673 1331 2703 αὐτὰς
1351 2673 1495 2712 τιμωρίας
1517 2673 1604 2712 αἵπερ

879 2716 929 2745 καὶ
946 2715 1020 2754 ὑπὲρ
1035 2718 1098 2745 τῶν
1116 2716 1222 2746 ἄλλων
1239 2715 1317 2745 εἰσὶν
1332 2715 1516 2751 Ἀθηναίων’
1542 2717 1605 2746 ἐπι-

876 2759 1037 2795 μελεῖσθαι
1063 2758 1094 2788 δὲ
1123 2759 1172 2788 καὶ
1196 2758 1269 2788 τοὺς
1296 2758 1493 2797 στρατηγοὺς
1517 2758 1545 2787 οἳ
1567 2757 1605 2789 ἂν

879 2803 1090 2839 στρατηγῶσι,
1108 2801 1188 2831 ὅπως
1207 2800 1246 2831 ἂν
1265 2801 1356 2831 αὐτὸς
1378 2801 1427 2830 καὶ
1449 2801 1477 2830 οἱ
1497 2802 1604 2831 παῖδες

878 2843 972 2872 αὐτοῦ
1009 2843 1197 2879 κομίσωνται
1234 2843 1293 2879 τὴν
1323 2842 1425 2883 ἀρχὴν
1455 2843 1514 2878 τὴν
1547 2855 1603 2873 πα-

877 2884 986 2924 τρῴαν.

923 2935 937 2952 c
957 2928 1159 2958 Demosthen.
1180 2928 1313 2968 Olynth.
1337 2938 1362 2966 3.
1381 2940 1411 2968 p.
1431 2937 1481 2965 30.

971 3013 1042 3050 112
