1997 3256
324 155 407 194 804
908 151 974 190 IN
1011 150 1264 190 MlDlAM.

380 271 476 312 550,
504 270 563 296 10.
592 256 756 308 τούτοις]
797 255 1105 294 Desiderabant
1128 254 1203 294 viri
1233 254 1343 294 docti
1375 269 1519 308 praep.
1543 255 1604 294 ἐπὶ
1631 261 1729 295 ante
1756 256 1839 295 τού-

325 332 415 356 τοις.
479 313 561 353 Sed
583 327 676 351 cum
698 325 780 350 non
801 325 897 350 raro
925 310 1181 364 praepositio
1209 310 1344 363 primo
1372 311 1461 350 loco
1489 311 1638 364 posita,
1662 311 1703 350 in
1725 325 1839 364 repe-

325 371 408 410 tita
428 369 613 409 dictione
635 367 870 415 omittatur,
894 367 936 406 id
961 367 1096 420 magis
1119 366 1245 406 etiam
1275 366 1506 420 legitimum
1528 372 1619 406 erat
1643 366 1725 414 hic,
1747 381 1840 406 cum

323 439 456 479 aeque
476 426 581 465 bene
603 424 766 463 dicatur
787 429 878 474 χαλ.
898 423 1032 474 φέρειν
1053 424 1130 462 τινί
1146 427 1273 475 atque
1297 423 1362 461 ἐπί
1379 439 1468 461 τινι.
1511 423 1735 462 BUTTM.

380 495 477 535 550,
504 494 563 520 11.
597 481 659 520 καὶ
688 481 774 519 τίνα
803 479 1031 530 ὑπερβολὴν
1063 477 1279 532 ἀναιδείας]
1329 477 1470 518 Simile
1504 479 1615 531 quod
1651 493 1702 517 ex
1735 478 1839 518 Ora-

323 542 416 578 tore
440 536 631 576 Tiberius
657 535 761 575 citat
783 550 822 588 p.
844 548 918 589 31:
953 536 1014 574 καὶ
1042 535 1099 576 τίς
1127 534 1175 574 ἂν
1202 534 1356 586 γένοιτο
1384 535 1580 576 ἀναιδείας
1609 534 1837 585 ὑπερβολή;

326 593 479 634 SOHA
489 593 579 632 EF.

380 651 468 689 τίνα
488 648 733 700 ὑπερβολὴν]
772 647 877 686 Post
898 647 984 686 τίνα
1015 645 1346 686 subaudiendum
1368 646 1497 694 ἄλλην
1517 646 1688 694 μείζονα.
1731 660 1841 699 quem

322 706 451 746 alium
492 705 676 757 majorem
717 717 908 743 excessum
949 702 1004 742 cel
1041 702 1319 742 eoecellenticcm.
1357 701 1552 740 REISK.
1617 701 1711 741 Non
1747 703 1841 741 sub-

324 761 602 801 audiendum:
643 774 739 800 nain
775 759 817 798 τὸ
852 763 982 808 μεῖζον
1010 774 1089 798 vox
1123 758 1324 810 ὑπερβολὴ
1361 757 1448 796 sola
1485 771 1559 810 per
1592 772 1635 797 se
1670 757 1841 798 indicat.

327 817 581 858 SOHAEF.

380 886 481 926 550,
507 874 569 911 26.
593 870 823 924 τουτί-με]
859 870 972 911 (litat
997 870 1187 910 Tiberius
1209 885 1247 923 p.
1270 883 1338 922 34.
1381 869 1632 910 SCHAEF.

384 927 661 980 Πλούταρχος]
696 927 950 966 Plutarchus
973 926 1165 967 Eretriae
1199 926 1241 965 in
1264 926 1437 965 Euboea
1464 932 1667 979 tyrannus
1696 930 1843 966 contra

324 984 568 1038 Philippum
598 983 919 1023 Atheniensium
950 997 1070 1036 opem
1102 983 1407 1036 imploraverat,
1441 982 1505 1021 eui
1539 982 1754 1035 suppetias
1783 981 1842 1021 ire

324 1041 379 1081 ad
411 1039 718 1093 suscipiendum
750 1039 902 1078 bellum
924 1038 1066 1088 ἄδοξον
1089 1040 1151 1078 καὶ
1178 1039 1402 1088 δαπανηρὸν
1423 1038 1534 1077 solus
1555 1044 1646 1077 tum
1669 1039 1842 1078 vetabat

328 1096 647 1136 Demosthenes.
715 1095 818 1135 Cum
857 1100 999 1134 autem
1032 1094 1268 1134 vinceretur
1303 1095 1390 1147 ejus
1432 1094 1655 1141 sententia,
1691 1094 1841 1134 missae

326 1158 425 1192 sunt
457 1152 599 1205 copiae
623 1150 834 1190 Phocione
856 1156 897 1190 et
920 1151 1146 1204 Hegesilao
1169 1150 1355 1190 ducibus.
1418 1150 1594 1203 Experti
1616 1164 1712 1189 vero
1745 1156 1843 1190 sunt

327 1209 476 1249 deinde
499 1207 794 1255 Athenienses,
818 1208 880 1246 οἶα
906 1211 982 1245 τῶν
1008 1208 1132 1246 ὄντων
1161 1208 1374 1256 ἀνθρώπων
1403 1207 1556 1246 οὐδένες
1586 1208 1742 1245 πώποτε
1773 1223 1841 1245 πε-

325 1267 522 1305 πόνθασιν
547 1264 621 1303 ὑπὸ
653 1265 810 1311 τούτων,
840 1264 896 1304 οἶς
925 1262 1163 1311 ἐβοήθησαν,
1194 1261 1482 1301 deficientibus
1514 1261 1841 1310 Euboeensibus,

324 1320 478 1374 quippe
493 1319 559 1373 qui
577 1319 764 1359 libertati
783 1333 883 1359 suae
899 1318 1095 1358 timerent
1113 1319 1166 1358 ab
1184 1318 1283 1372 ipsis
1300 1317 1348 1357 iis
1364 1318 1493 1371 copiis
1508 1317 1842 1357 Atheniensium.

328 1377 389 1417 Cf.
414 1377 531 1416 Orat.
556 1375 773 1415 Demosth.
798 1375 848 1414 de
878 1375 1001 1414 Pace.
1028 1390 1068 1428 p.
1093 1376 1162 1428 58,
1189 1388 1219 1414 1.
1253 1374 1334 1414 SP.
1396 1374 1491 1414 Hae
1524 1388 1590 1413 res
1622 1383 1766 1428 gestae
1801 1379 1843 1414 et

326 1447 432 1487 quae
454 1432 494 1471 in
516 1431 787 1484 sequentibus
808 1431 944 1470 minus
967 1431 1086 1470 nobis
1104 1431 1294 1484 cognitae
1316 1435 1614 1473 memorantur,
1634 1431 1843 1482 quomodo

326 1503 421 1529 cum
459 1488 537 1527 illis
569 1501 675 1540 quae
712 1487 877 1526 aliunde
914 1491 1011 1526 sunt
1047 1492 1185 1534 notae,
1220 1487 1357 1539 quoad
1392 1491 1627 1539 temporum
1663 1486 1842 1526 maxime

324 1544 523 1589 rationes,
548 1548 708 1591 coeant,
732 1542 947 1596 inquisivit
979 1547 1021 1582 et
1053 1542 1245 1596 exposuit
1279 1542 1514 1582 Boeckhius
1544 1542 1585 1581 in
1608 1542 1840 1582 Comment.

326 1601 378 1640 de
401 1599 594 1640 Chronol.
619 1599 691 1639 Or.
716 1599 820 1638 Mid.
844 1599 940 1638 inde
960 1613 985 1638 a
1006 1613 1044 1652 p.
1066 1600 1131 1638 81.
1166 1599 1393 1637 BUTTM.
1455 1598 1578 1637 Adde
1597 1598 1841 1638 Winiewsk.

327 1657 557 1696 Comment.
589 1655 631 1694 in
658 1663 766 1694 orat.
790 1655 841 1694 de
862 1669 945 1694 cor.
967 1670 1005 1708 p.
1028 1668 1103 1708 151)
1127 1669 1241 1708 seqq.
1269 1654 1337 1708 qui
1370 1655 1474 1694 haee
1506 1669 1598 1694 cum
1630 1654 1843 1694 Boeckhio

326 1711 493 1752 rettulit
519 1711 574 1751 ad
597 1711 757 1764 Olymp.
780 1713 869 1757 106,
892 1724 932 1764 3.
955 1725 1029 1750 nee
1060 1716 1229 1764 poterat
1259 1710 1392 1757 aliter,
1417 1725 1543 1763 quum
1567 1710 1769 1750 Boeckhii
1791 1711 1842 1750 de

326 1773 516 1822 tempore
538 1767 740 1807 orationis
765 1766 980 1806 Midianae
1004 1767 1256 1806 sententiam
1277 1772 1534 1820 sequeretur.
1587 1767 1656 1805 Ad
1680 1767 1842 1820 Olylnp.

329 1835 420 1876 107,
436 1837 475 1876 3.
495 1823 714 1863 referenda
735 1837 825 1862 esse
847 1823 1033 1863 ostendit
1050 1823 1285 1862 Boehneck.
1305 1823 1476 1873 Quaest.
1492 1822 1567 1861 vol.
1584 1836 1616 1861 1.
1632 1838 1673 1876 p.
1690 1838 1735 1873 ¹4
1752 1838 1842 1877 sqq.

383 1892 480 1932 550,
511 1881 574 1919 28.
608 1879 884 1933 κατεσκεύαζε]
928 1879 1013 1918 Alii
1048 1879 1142 1918 libri
1178 1881 1454 1918 κατεσκεύασε.
1517 1879 1642 1918 Male.
1708 1879 1842 1919 Fraus

326 1935 437 1975 enim
458 1935 593 1975 caruit
616 1949 820 1974 successu.
880 1934 1117 1983 Jactzftabat‚
1139 1934 1411 1974 mentiebatur.
1459 1934 1574 1975 Conf.
1594 1950 1632 1988 p.
1652 1949 1676 1988 5
1681 1948 1750 1989 52,
1766 1949 1841 1984 10.,

326 1991 397 2031 ubi
421 1991 567 2031 eadem
588 1990 807 2030 diversitas
830 1991 1076 2044 scripturae.
1120 1991 1368 2031 SCHAEF.

389 2047 463 2097 πρὸ
495 2047 811 2099 τοῦ--γεγονὸς]
860 2049 1084 2100 Antequam
1119 2047 1295 2086 omnibns
1330 2046 1582 2098 manffestum
1605 2046 1725 2100 fieret
1761 2062 1842 2088 rem

330 2104 428 2154 (non
451 2117 524 2156 per
545 2117 622 2150 me,
646 2103 734 2152 sed)
754 2117 828 2154 per
850 2102 1041 2142 Plutarch
1051 2117 1113 2142 um
1134 2109 1375 2142 transactam
1399 2117 1488 2142 esse.
1532 2103 1785 2143 SCHAEF.

385 2171 484 2211 551,
507 2172 543 2196 1.
568 2159 778 2212 τελευτῶν]
815 2158 881 2197 Sic
913 2159 1094 2198 resolve:
1130 2160 1189 2197 καὶ
1215 2163 1419 2204 τελευτῶν,
1448 2160 1512 2198 ὅτε
1541 2161 1751 2208 βουλεύειν
1772 2166 1841 2199 λα-

326 2215 410 2267 χὼν
434 2215 721 2263 ἐδοκιμαζόμην,
747 2215 948 2264 κατηγόρει
971 2232 1055 2263 μου.
1099 2214 1349 2254 SCHAEF.

386 2269 701 2322 δοκιμαζομένου]
739 2269 928 2309 Examen
957 2270 1094 2309 subire
1123 2270 1392 2323 cogebantur,
1418 2270 1582 2323 generis
1613 2276 1653 2310 et
1686 2272 1841 2311 aetatis

328 2330 371 2366 et
393 2325 503 2364 vitae
525 2329 759 2371 anteactae,
784 2325 1019 2379 quicunque
1043 2330 1154 2365 sort-e
1177 2330 1392 2365 senatores
1414 2326 1623 2366 exiissent.
1669 2326 1748 2366 SP.

385 2393 480 2434 551,
504 2394 542 2431 3.
566 2382 651 2420 ἀντὶ
672 2384 746 2432 γὰρ
770 2383 1155 2434 τοῦ-ἐκινδύνευον]
1192 2381 1336 2421 (litant
1358 2382 1518 2421 AneCd.
1543 2382 1675 2422 Bekk.
1696 2397 1839 2437 p.132.

328 2436 382 2475 in.
426 2436 676 2476 SCHAEF.

385 2505 481 2545 551,
508 2505 567 2531 10.
601 2493 779 2532 οὐ-τῶν
811 2494 1053 2533 ’cmv—0135&
1085 2498 1160 2533 τῶν
1191 2495 1351 2546 ὁμοίων]
1392 2493 1536 2546 Eurip.
1560 2494 1716 2534 Phoen.
1739 2506 1838 2548 501.

329 2549 407 2587 οὔθ’
432 2549 566 2597 ὅμοιον
588 2547 664 2587 οὔτ’
683 2550 785 2587 ἴσον.
849 2549 1047 2589 Formula
1079 2564 1167 2589 esse
1193 2550 1370 2590 videtur.
1408 2550 1579 2588 DOBR.
1641 2554 1716 2589 τῶν
1744 2554 1840 2590 ἴσων

331 2605 392 2642 καὶ
413 2608 488 2642 τῶν
509 2605 665 2642 δικαίων
687 2603 793 2643 dixit
814 2619 851 2656 p.
875 2608 971 2658 536.
1032 2605 1227 2644 Alienum
1253 2606 1306 2645 ab
1327 2606 1403 2645 hoc
1431 2605 1520 2644 loeo
1543 2605 1706 2645 videtur
1728 2607 1839 2659 quod

330 2658 370 2697 in
395 2659 436 2698 S.
458 2659 630 2711 aliisque
652 2659 767 2698 libris
789 2659 989 2712 scriptum
1012 2662 1140 2710 νόμων
1161 2675 1236 2713 pro
1258 2663 1413 2710 ὁμοίων.

386 2727 481 2767 551,
506 2727 564 2766 13.
588 2716 813 2754 ἕωλα-καὶ
834 2716 988 2767 ψυχρὰ]
1025 2716 1260 2769 Hesychius
1286 2716 1505 2769 posteriori
1531 2717 1736 2769 adjectivo
1758 2717 1837 2756 uti-

328 2775 399 2809 tur
419 2771 474 2809 ad
495 2770 855 2822 interpretamlum
877 2771 1014 2823 prius:
1041 2771 1441 2822 “Εωλοιν.-ψυχρόν.
1504 2772 1565 2810 Ut
1589 2772 1724 2812 discas
1745 2787 1837 2812 ora-

329 2832 463 2865 torem
485 2826 586 2865 haec
609 2826 689 2864 duo
712 2840 788 2878 pro
810 2826 1046 2879 synonymis
1068 2827 1275 2866 habuisse.
1340 2827 1548 2866 Lucianus
1566 2828 1644 2867 vol.
1664 2842 1696 2867 1.
1715 2843 1753 2881 p.
1772 2841 1836 2868 22.

331 2882 451 2921 ἕωλος
472 2884 545 2931 γὰρ
566 2882 587 2930 ἡ
609 2884 874 2933 ψυχρολογία.
925 2882 1162 2935 Opponitur
1178 2897 1213 2920 v.
1236 2895 1296 2934 15.
1319 2884 1559 2933 πρόσφατος.
1621 2883 1837 2933 Quomodo

332 2935 688 2976 Pl1(›ti11s''EmA01'.
713 2938 754 2975 τὸ
776 2938 826 2986 μὴ
849 2939 1092 2988 πρόσφατον.
1135 2937 1383 2977 SCHAEF.
