1997 3256
525 154 852 195 ADVERSUS
886 155 1212 195 LEPTINEM.
1540 156 1625 200 675

108 258 280 311 jectam,
302 258 344 297 in
364 257 526 298 illorum
553 258 797 299 societatem
826 264 869 299 et
896 259 1096 299 ditionem
1123 260 1386 313 redegerunt.
1448 260 1630 300 Factum

115 313 157 352 id
179 318 243 353 est
264 313 360 353 circ.
383 314 544 367 Olymp.
568 326 633 367 97,
662 328 695 355 1.
756 315 992 355 Archebius
1013 320 1134 368 pater
1155 315 1332 355 fortasse
1360 315 1480 363 illius,
1504 330 1629 368 quem

113 373 412 409 commemorat
434 369 553 409 Orat.
575 370 617 408 in
639 371 898 410 Aristoerat.
921 372 945 409 l.
965 385 998 410 c.
1062 371 1169 410 Nam
1192 385 1273 423 quo
1294 370 1430 410 minus
1451 371 1629 411 eundem

114 428 237 477 putes
277 429 468 478 tempora
504 429 661 465 vetant.
706 426 753 465 F.
777 427 830 465 A.
860 426 1049 466 WOLF.
1113 427 1326 478 Tempora
1366 440 1449 466 non
1486 430 1627 466 vetare

113 484 256 519 monet
280 480 490 520 Weborus
511 481 565 520 ad
586 481 720 521 10011111
742 482 868 521 illum.

169 547 268 589 475,
303 548 343 588 5.
379 536 616 590 ἀποδόσθαι]
657 537 845 577 Verbum
887 538 1102 577 ἀποδόσθαι
1141 537 1356 589 proprium
1398 541 1462 576 est
1502 537 1543 576 in
1583 551 1629 576 re

113 590 390 644 vectigalium,
406 591 512 631 sicut
532 592 624 632 Lat.
646 593 834 638 renderm
870 592 1101 645 ἸυθνῃασΙιΐθαι
1115 607 1127 629 .·
1161 606 1212 631 ex
1229 592 1458 644 eodemque
1477 607 1629 645 genere

112 651 179 686 est
207 647 392 687 ὠνεῖσθαι
419 650 467 687 τὰ
494 649 601 698 τέλη,
622 648 788 702 publiea
817 648 1018 695 redimere,
1048 648 1158 686 unde
1185 649 1368 697 τελώνης,
1399 649 1627 697 δεκᾱτώνης,

112 716 235 754 quem
256 702 358 742 alias
380 703 525 743 dieunt
546 704 787 753 ὃεκατευτήν.
831 703 946 742 Conf.
964 703 1219 756 Harpocrat.
1236 702 1277 741 in
1296 703 1334 742 h.
1353 717 1389 742 v.
1428 703 1629 743 Notanda

112 762 179 797 est
209 758 309 798 haec
337 759 453 797 notio
480 759 673 798 emtionis
701 763 743 798 et
771 757 1020 798 vendit-ionis
1042 758 1320 811 vectigalium,
1344 763 1392 798 ut
1420 773 1527 811 quae
1548 759 1629 798 vim

110 827 232 852 suam
252 813 293 852 in
315 814 449 866 ipsum
465 815 534 867 jus
554 815 773 867 antiquum
793 813 952 854 habuit.
988 814 1035 852 F.
1060 816 1115 853 A.
1140 814 1329 853 WOLF.

170 882 268 921 475,
291 872 329 908 6.
357 870 828 919 Λακεδαιμονίους-τὴν
856 869 1028 921 εἰρήνην]
1068 870 1203 909 Locus
1235 869 1299 909 hie
1328 869 1398 908 diu
1425 869 1533 909 male
1563 884 1629 909 me

112 924 273 971 habuit,
295 930 518 978 propterea
546 925 658 978 quod
685 925 752 965 vix
780 925 913 978 accipi
941 939 1062 978 posse
1088 925 1309 965 videbatur
1336 926 1387 964 de
1414 939 1516 977 pace
1539 927 1628 964 An-

111 979 304 1028 taleidea,
334 995 457 1034 quam
490 986 657 1021 constat
687 995 829 1021 omnes
861 981 1031 1020 Atticos
1062 981 1214 1034 ubique
1245 985 1333 1020 tam
1363 981 1631 1021 vehementer

111 1035 335 1075 detestari:
370 1051 405 1076 v.
428 1037 538 1076 10008
567 1037 721 1077 01111108
748 1052 773 1076 a
796 1037 920 1076 Mero
947 1037 1002 1076 ad
1028 1036 1225 1090 Xenoph.
1250 1036 1414 1076 Hellen.
1436 1050 1474 1087 4,
1500 1038 1536 1085 8,
1565 1049 1627 1077 12.

114 1091 274 1131 Verum
306 1097 448 1132 tamen
481 1107 587 1145 quae
622 1093 705 1133 alia
737 1107 820 1146 pax
856 1092 897 1132 in
932 1093 973 1131 h.
1005 1092 1032 1131 l.
1065 1092 1287 1132 memorari
1328 1092 1514 1145 potuerit
1544 1106 1628 1132 non

111 1147 309 1195 invenias,
347 1148 594 1201 praesertim
630 1149 663 1188 si
706 1148 903 1201 Xenoph.
939 1147 1104 1187 Hellen.
1135 1159 1178 1201 5,
1218 1162 1252 1196 1,
1293 1161 1361 1200 32.
1398 1162 1625 1201 compares.

112 1203 395 1243 Statuendum
425 1218 525 1258 ergo
553 1210 639 1244 tres
662 1205 829 1250 insulas,
855 1204 1069 1253 Lemnum,
1094 1203 1282 1243 Imbrum
1303 1208 1346 1243 et
1369 1204 1553 1257 Scyrum,
1577 1218 1629 1244 ex

111 1259 417 1299 conditionibus
457 1259 578 1300 istius
618 1261 732 1313 pacis
768 1260 1096 1300 Atheniensibus
1136 1259 1315 1307 relictas,
1354 1259 1629 1299 Demostheni

111 1314 216 1354 satis
237 1314 368 1354 visum
389 1330 489 1378 esse,
512 1321 559 1355 ut
581 1316 716 1356 dicere
742 1330 825 1355 non
853 1315 1067 1355 dubitaret
1097 1329 1188 1355 eam
1213 1329 1357 1368 pacem
1378 1315 1531 1368 populo
1553 1329 1627 1354 8110

111 1370 256 1410 utilem
277 1376 321 1411 et
348 1386 398 1410 ex
419 1371 546 1411 animi
574 1372 783 1412 sententia
803 1372 972 1412 factam.
1036 1371 1174 1425 Magis
1200 1371 1277 1410 1100
1298 1370 1399 1410 1111111
1420 1371 1629 1424 pelsuasit

111 1425 225 1466 locus
252 1426 482 1466 Andocidis
511 1427 560 1467 de
591 1428 700 1468 Pace
726 1443 766 1481 p.
793 1441 858 1480 95.
851 1458 875 1476 .,
902 1442 1008 1480 quae
1035 1431 1128 1467 tota
1149 1427 1284 1466 oratio
1315 1426 1475 1480 insigne
1501 1426 1629 1480 speci-

111 1496 206 1521 men
236 1487 301 1522 est
331 1483 565 1523 1het01ieae
596 1484 705 1524 fidei.
772 1483 952 1523 Omnino
983 1497 1111 1537 quum
1140 1497 1206 1523 res
1236 1482 1398 1536 publice
1428 1487 1573 1537 gestae
1603 1497 1630 1523 a

111 1542 257 1578 nostro
282 1543 519 1587 narrantur,
543 1539 784 1593 plelumque
812 1544 1022 1579 oratorem
1049 1544 1292 1579 nauantem
1319 1538 1522 1587 audimus
1545 1553 1630 1578 non

111 1594 370 1634 historicum.
413 1595 463 1634 F.
487 1596 541 1635 A.
563 1595 755 1635 WOLF.
819 1595 913 1634 Non
935 1595 1070 1635 dicam
1091 1600 1303 1635 oratorem
1323 1595 1390 1634 hie
1416 1594 1629 1648 scripsisse

111 1650 225 1702 quod
264 1650 489 1691 historicae
526 1651 623 1691 fidei
663 1652 969 1691 adversaretur.
1032 1651 1141 1690 Sane
1180 1650 1292 1690 utilis
1327 1655 1370 1690 et
1409 1665 1460 1690 ex
1499 1650 1628 1691 animi

111 1706 322 1746 sententia
347 1706 461 1747 facta
490 1706 817 1747 Atheniensibus
845 1722 927 1760 pax
953 1707 1206 1747 Antaleidea
1233 1706 1313 1746 dici
1341 1706 1504 1760 potuit:
1537 1721 1629 1760 per-

111 1761 299 1802 vicerunt
335 1762 444 1802 enim
475 1767 523 1802 ut
556 1763 795 1803 obtinerent
831 1778 938 1816 quae
974 1763 1028 1803 ab
1064 1762 1182 1802 initio
1218 1768 1372 1816 negata
1405 1767 1538 1810 erant,
1569 1765 1627 1814 (v.

113 1817 389 1871 Xenophont.
414 1818 578 1859 Hellen.
602 1833 640 1868 4,
666 1821 702 1867 8,
731 1833 793 1872 15.
816 1819 905 1858 0011.
926 1830 966 1872 5,
995 1832 1027 1867 1,
1050 1820 1138 1872 31.)
1158 1819 1417 1871 dedecusque
1438 1818 1552 1872 pacis
1574 1819 1629 1858 ad

110 1874 220 1913 solos
248 1874 598 1914 Lacedaemonios
628 1875 890 1915 redundavit.
953 1875 1017 1914 Ut
1040 1879 1182 1914 aut-em
1208 1874 1328 1927 plura
1358 1888 1440 1913 non
1469 1874 1629 1914 obtine-

110 1935 206 1969 rent
237 1929 335 1970 fecit
365 1931 477 1984 quod
519 1930 600 1970 καθ’
633 1932 769 1973 αὑτοὺς
800 1932 867 1971 οὐκ
902 1931 1006 1980 ἦσαν
1041 1930 1261 1982 ἀξιόμαχοι.
1324 1930 1377 1970 V.
1418 1930 1629 1970 Diodorus

116 1998 179 2034 14,
219 1999 308 2024 110.
386 1986 628 2026 Meminisse
667 1986 796 2041 igitur
830 1987 1033 2026 debuerat
1068 1986 1250 2026 Wolfius
1287 1986 1626 2035 Demosthenem,

109 2055 206 2081 curn
236 2041 436 2082 scriberet
467 2044 659 2091 τοιαύτην,
689 2044 777 2082 οἵαν
806 2044 896 2092 ὑμῖν
925 2044 1059 2088 ἐδόκει,
1089 2041 1330 2091 ποιήσασθαι
1360 2041 1429 2091 τὴν
1461 2042 1626 2092 εἰρήνην,

111 2097 343 2150 respexisse
370 2112 452 2137 non
484 2097 583 2151 quid
614 2098 744 2138 totius
771 2098 974 2139 Graeciae
1003 2097 1094 2137 fieri
1124 2097 1394 2146 interfuisset,
1427 2098 1501 2138 sed
1529 2097 1630 2151 quid

110 2152 294 2193 civitatis
315 2153 650 2194 Atheniensium.
694 2153 944 2194 SCHAEF.

167 2220 264 2262 475,
293 2222 354 2248 10.
381 2209 605 2263 εὐεργεσία]
630 2210 685 2249 Η.
709 2225 742 2250 0.
765 2224 902 2250 *nomen
925 2216 959 2250 et
969 2211 1073 2263 jura
1097 2208 1314 2261 εὐεργέτου,
1337 2213 1630 2249 ornamentum

110 2270 176 2304 est
210 2265 570 2318 perhonorificum,
606 2266 716 2319 quod
757 2266 948 2306 civitates
983 2267 1170 2306 Graecae
1207 2265 1384 2318 privatis
1424 2265 1630 2318 impertiri

110 2320 316 2369 solebant,
344 2325 388 2361 et
417 2321 503 2361 fere
534 2321 661 2361 etiam
688 2322 801 2375 apud
831 2326 1022 2375 posteros
1052 2321 1219 2369 mansit,
1242 2326 1289 2361 ut
1317 2321 1531 2374 Inseriptt.
1555 2322 1630 2360 do-

110 2382 220 2416 cent.
249 2376 366 2416 Conf.
397 2377 595 2430 Xenoph.
627 2377 790 2418 Hellen.
820 2392 851 2426 1,
880 2391 913 2427 1,
942 2390 1003 2430 17.
1045 2377 1262 2417 Demosth.
1298 2376 1341 2416 in
1374 2377 1628 2417 Aristocrat.

111 2447 151 2485 p.
187 2433 281 2471 688.
321 2436 366 2472 et
411 2432 605 2486 Inseript.
655 2448 722 2486 ap.
768 2434 932 2473 Rcines.
977 2433 1038 2474 CI.
1080 2446 1117 2484 7.
1157 2433 1210 2473 N.
1253 2445 1317 2485 23.
1395 2432 1436 2471 Is
1487 2437 1630 2472 autem

111 2488 256 2536 honos,
284 2488 531 2541 praesertim
558 2504 583 2528 a
611 2503 706 2542 pop.
738 2489 896 2529 Athen.
926 2489 1152 2543 profectus,
1182 2502 1265 2527 non
1295 2502 1392 2527 raro
1423 2502 1449 2528 a
1478 2488 1629 2541 prinei-

110 2543 435 2597 pibus.alia1·mn
463 2543 679 2584 civitatum
708 2544 804 2584 viris
830 2545 1014 2598 impense
1042 2545 1331 2597 expetebatur.
1354 2544 1552 2596 Xenoph.
1577 2544 1628 2583 de

113 2599 279 2654 Vectig.
305 2599 462 2640 Athen.
489 2612 528 2652 3,
561 2613 623 2639 11.
686 2600 931 2640 Utebantur
956 2600 998 2639 in
1024 2600 1101 2640 hac
1128 2614 1172 2639 re
1202 2598 1337 2639 verbis
1369 2599 1626 2650 ἀναγράφειν,

112 2656 386 2706 ἀνακηρύττειν
422 2654 625 2707 εὐεργέτην
661 2658 747 2695 τινὰ
779 2659 844 2705 τῆς
878 2657 1042 2697 πόλεως.
1104 2654 1218 2695 Conf.
1244 2655 1537 2694 Hemsterhus.
1573 2655 1628 2694 ad

114 2711 285 2751 Lueian.
308 2711 360 2751 D.
385 2711 445 2751 M.
468 2726 507 2764 p.
530 2714 626 2764 367.
687 2711 883 2751 Ceterum
905 2725 1031 2765 quum
1057 2710 1211 2764 passim
1240 2724 1358 2764 reges
1379 2710 1420 2749 in
1443 2710 1628 2750 historiis

111 2772 334 2807 occurrant
354 2767 520 2807 nomine
541 2768 845 2820 Eueaeyetarzcm,
868 2782 950 2807 non
972 2767 1119 2806 dubito
1146 2765 1245 2819 quin
1273 2767 1326 2806 ab
1348 2766 1493 2806 eodem
1513 2780 1629 2805 more

113 2836 163 2862 ea
189 2823 414 2877 appellatio
439 2823 566 2864 ducta
595 2823 662 2864 sit.
705 2824 754 2863 F.
778 2824 833 2863 A.
859 2824 916 2861 W
922 2823 1047 2863 OLF.
1108 2822 1225 2863 Conf.
1252 2821 1308 2875 Sp
1312 2822 1475 2862 anhem.
1497 2821 1548 2861 de
1571 2821 1628 2861 U.

113 2882 157 2918 et
179 2878 227 2919 P.
251 2879 302 2919 N.
326 2879 437 2919 Diss.
462 2890 498 2932 7.
541 2894 639 2919 IDEM
661 2880 705 2920 in
727 2880 823 2920 Incl.
851 2879 1114 2949 Τ1100)(11(108
1145 2891 1177 2926 1,
1206 2890 1297 2930 129.
1318 2878 1359 2917 111
1387 2877 1546 2918 Xerxis
1573 2877 1629 2918 ad

115 2933 369 2976 Pausaniam
389 2935 565 2976 littelis:
601 2937 724 2976 κεῖταί
741 2953 805 2976 σοι
834 2936 1039 2988 εὐεργεσία
1068 2937 1111 2975 ἐν
1132 2935 1181 2988 τῷ
1208 2933 1376 2988 ἡμετέρῳ
1405 2935 1493 2987 οἴκῳ
1521 2934 1629 2974 ἐσαεὶ

835 3007 859 3029 (
881 2993 906 3018 c)
