1997 3256
338 151 423 196 916
650 150 977 191 ADVERSUS
1018 148 1535 189 ARISTOCRATEM.

397 258 492 310 643,
514 268 553 305 4.
577 254 641 294 De
668 253 805 294 verbis
832 254 900 293 τὸν
927 254 1297 304 πρότερον-λόγον
1325 252 1375 291 cf.
1398 251 1554 291 Polluc.
1580 251 1615 298 8.
1643 261 1731 302 117.
1755 251 1854 299 μετὰ

339 314 381 353 δὲ
402 312 470 352 τὸν
492 313 680 362 πρότερον
701 312 823 362 λόγον
850 308 940 359 ἐξῆν
962 312 1102 361 φυγεῖν
1123 308 1227 357 πλὴν
1249 309 1284 347 εἴ
1305 325 1360 350 τις
1381 307 1518 359 γονέας
1540 309 1596 356 εἴη
1619 306 1852 347 ἀπεκτονώς.

339 375 382 409 et
403 368 502 408 ibid.
522 369 557 416 8,
577 380 643 421 99.
665 366 803 420 ibique
827 365 994 405 Kuehn.
1056 364 1250 418 Utrique,
1274 369 1316 404 et
1336 363 1572 404 accusatori
1593 367 1636 402 et
1657 376 1740 409 reo.
1763 375 1853 414 per-

339 424 511 464 missum
533 428 624 463 erat
644 422 708 462 bis
733 436 867 470 orare,
888 421 1064 475 huicque
1087 425 1181 474 post
1209 420 1388 474 priorem
1414 419 1657 465 orationem,
1682 418 1715 457 si
1737 431 1854 457 caus-

340 495 410 522 sae
441 494 539 520 suae
572 479 790 526 diffideret,
823 477 956 517 solum
987 482 1163 517 vertere.
1227 477 1325 516 Vid.
1360 474 1574 516 Matthiae
1608 475 1659 514 de
1685 472 1854 528 judiciis

339 552 379 591 p.
404 539 492 588 167.
527 535 761 575 WEBER.

398 595 493 646 643,
517 606 554 645 9.
581 591 720 632 οἵτινές
747 589 830 630 ποτ’
853 590 968 640 ἦσαν,
994 588 1061 629 εἴθ’
1084 589 1204 640 ἥρωες
1230 590 1305 627 εἴτε
1332 586 1438 641 θεοί]
1464 586 1754 640 Hermogenes
1776 585 1853 625 vol.

339 663 378 704 3.
400 664 440 703 p.
466 661 558 702 223.
581 647 652 687 ubi
673 647 724 687 de
746 646 783 686 vi
805 652 847 686 et
872 652 1027 686 natura-
1047 648 1111 694 τῆς
1133 645 1368 693 σεμνότητος
1394 644 1563 697 ejusque
1584 641 1710 682 variis
1735 655 1857 695 gene-

340 706 454 746 ribus
483 704 676 744 disserit:
711 705 761 745 ὡς
781 705 855 754 γὰρ
885 703 1033 743 εἰδότας
1061 702 1241 752 ἀκριβῶς,
1265 699 1416 753 inquit,
1439 703 1498 739 δεῖ
1522 699 1657 750 λέγειν
1687 700 1747 737 καὶ
1774 696 1854 747 μετ’

341 763 569 811 ἀξιώματος,
592 759 681 800 ἀλλ’
705 760 771 799 οὐκ
799 758 1079 806 ἐνδοιάζοντας,
1102 759 1167 796 ὅτε
1192 757 1328 795 τούτου
1354 756 1637 806 φροντίζοιμεν,
1665 756 1729 803 τῆς
1754 757 1857 804 διαρ-

343 821 430 859 κοῦς
461 817 567 868 λέγω
601 816 848 866 σεμνότητος,
881 815 988 854 ἀλλὰ
1018 814 1069 864 μὴ
1106 815 1231 853 ἄλλου
1266 813 1383 853 τινος.
1427 811 1469 850 τὸ
1507 813 1592 861 γὰρ,
1629 812 1703 850 εἴτε
1736 810 1858 860 ἥρωες

340 873 443 923 ἦσαν
475 874 552 912 εἴτε
588 873 681 919 θεοὶ,
714 871 860 920 σεμνὸν
897 869 953 917 ὃν,
986 870 1112 909 πλέον
1149 870 1231 921 ἔχει
1264 871 1330 907 τοῦ
1363 869 1563 907 πολιτικοῦ
1597 867 1659 905 καὶ
1695 869 1859 905 πιθανοῦ

344 931 439 968 κατὰ
471 928 540 978 τὴν
573 929 784 967 ἐνδοίασιν.
823 940 999 979 (1110611111
1035 925 1264 965 contendas
1297 923 1492 977 anonymi
1523 922 1679 962 scholia
1714 921 1790 961 vol.
1817 932 1856 970 7.

344 1000 382 1038 p.
416 987 510 1037 962.
548 983 720 1037 Ulpian.
753 982 807 1022 ad
840 983 879 1021 h.
906 982 931 1020 1.
994 981 1207 1021 Increbuit
1242 995 1317 1033 per
1352 980 1491 1034 legum
1526 979 1684 1018 latores
1720 977 1859 1031 opinio

344 1041 423 1080 diis
452 1054 540 1080 esse
568 1054 618 1079 ea
645 1038 880 1085 tribuenda,
912 1051 1087 1090 quorum
1118 1037 1195 1090 ipsi
1224 1041 1419 1077 auctores
1451 1040 1584 1082 erant,
1617 1035 1701 1074 sive
1733 1033 1856 1088 quod,

342 1103 389 1138 ut
423 1095 597 1136 Diodori
627 1108 658 1143 1,
687 1109 753 1146 94.
790 1093 925 1134 verbis
961 1098 1072 1141 utar,
1108 1093 1351 1133 admirabile
1388 1097 1430 1132 et
1471 1091 1654 1131 divinum
1688 1104 1861 1144 prorsus

339 1153 580 1207 judicarent
608 1166 696 1191 esse
723 1150 824 1190 illud
851 1157 1143 1195 commentum.
1175 1149 1285 1203 quod
1312 1148 1539 1188 utilitatem
1570 1146 1759 1187 societati
1787 1146 1861 1185 hu-

342 1224 491 1250 manae
518 1208 743 1249 allaturum
770 1212 894 1254 esset,
917 1206 1001 1246 sive
1023 1206 1131 1260 quod
1161 1204 1471 1245 multitudinem
1492 1204 1546 1244 ad
1574 1202 1862 1243 excellentiam

344 1270 385 1306 et
407 1265 640 1319 potentiam
661 1277 815 1310 eorum,
835 1263 904 1316 qui
925 1263 1035 1317 leges
1057 1261 1262 1302 invenisse
1285 1261 1533 1307 dicerentur.
1556 1258 1861 1313 respicientem,

344 1322 457 1362 dicto
488 1321 621 1375 magis
652 1320 892 1360 audientem
916 1319 1003 1359 fore
1030 1318 1331 1358 existimarent.
1374 1317 1428 1358 Cf
1460 1316 1601 1356 Strab.
1621 1317 1684 1355 16.
1707 1330 1747 1368 p.
1766 1316 1862 1368 762.

346 1379 429 1419 Sed
464 1383 609 1418 orator
648 1391 736 1416 rem
776 1375 972 1430 proponit
1010 1380 1057 1415 ut
1097 1375 1278 1422 dubiam.
1316 1374 1377 1414 ita
1413 1378 1555 1413 tamen
1591 1377 1638 1412 ut
1679 1371 1863 1425 dignitas

344 1434 523 1475 orationi
545 1448 627 1473 non
657 1433 762 1473 desit
792 1432 911 1485 eique
938 1431 1214 1485 probabilitas
1243 1429 1498 1470 concilietur.
1560 1429 1721 1469 Eadem
1743 1428 1793 1468 de
1818 1441 1864 1466 re

345 1491 586 1544 disputatur
626 1489 739 1543 apud
780 1488 1003 1529 Platonem
1043 1487 1085 1526 in
1126 1487 1329 1540 principio
1368 1485 1462 1526 libri
1506 1499 1536 1525 1.
1573 1485 1624 1525 de
1666 1484 1861 1538 Legibus.

347 1547 537 1601 Antipho
566 1551 707 1586 tamen
736 1560 775 1599 p.
798 1558 813 1584 1
829 1559 842 1584 1
858 1558 890 1584 1.
913 1543 1060 1584 habuit
1090 1543 1338 1597 opinionem.
1367 1556 1457 1582 esse
1486 1542 1597 1596 leges
1624 1556 1650 1581 a
1675 1541 1752 1580 diis
1779 1545 1864 1580 tra-

346 1603 479 1644 ditas:
507 1603 658 1652 Δέομαι
680 1601 708 1641 δ’
723 1602 1118 1651 ὑμῶν,-τιμωρῆο·αι
1138 1604 1291 1651 πρῶτον
1311 1601 1384 1650 μὲν
1406 1600 1535 1648 νόμοις
1556 1602 1635 1640 τοῖς
1655 1597 1863 1648 ὑμετέροις,

346 1660 410 1702 οὓς
440 1661 545 1710 παρὰ
575 1662 652 1698 τῶν
688 1661 787 1697 θεῶν
819 1658 881 1697 καὶ
916 1661 992 1696 τῶν
1024 1658 1229 1707 προγόνων
1265 1655 1530 1704 διαδεξάμενοι
1565 1659 1660 1693 κατὰ
1692 1653 1734 1692 τὸ
1772 1653 1864 1692 αὐτὸ

346 1717 508 1757 ἐκείνοις
539 1715 719 1762 δικάζετε.
752 1714 806 1753 ab
839 1727 886 1753 eo
917 1727 1000 1752 11011
1031 1712 1170 1751 differt
1202 1718 1349 1752 auctor
1377 1716 1481 1751 orat.
1514 1723 1545 1749 1.
1569 1710 1611 1749 111
1639 1708 1863 1763 Aristogit.

344 1787 384 1826 p.
412 1783 505 1824 774.
527 1775 599 1812 πᾶς
623 1771 706 1810 ἐστὶ
736 1772 852 1819 νόμος
875 1771 1019 1820 εὕρημα
1045 1770 1118 1819 μὲν
1140 1769 1202 1808 καὶ
1231 1771 1353 1818 δῶρον
1382 1771 1492 1814 θεῶν,
1517 1767 1641 1817 δόγμα
1662 1765 1690 1806 δ’
1716 1766 1865 1816 ἀνθρώ-

345 1845 430 1868 πων
452 1829 663 1878 φρονίμων.
730 1825 790 1866 Cf.
816 1824 984 1879 Georgii
1005 1839 1314 1878 progynniasni.
1335 1823 1412 1863 vol.
1440 1835 1474 1862 2.
1497 1838 1537 1876 p.
1562 1824 1660 1876 50¹6.
1711 1821 1867 1861 Verbis

345 1883 547 1938 proximis
577 1882 749 1922 effertur
779 1881 1018 1921 humanitas
1045 1881 1182 1934 legum
1209 1881 1403 1927 latorum.
1434 1893 1515 1932 quo
1545 1879 1678 1932 magis
1704 1878 1869 1931 judices

344 1940 622 1994 asperitatem
651 1937 867 1991 scriptoris
894 1937 1189 1991 psephismatis
1221 1936 1430 1976 sentiant:
1466 1935 1506 1974 in
1537 1935 1648 1988 quod
1675 1934 1867 1974 attende-

344 2002 444 2036 runt
475 1995 631 2036 scholia
659 1994 861 2048 Hermog.
885 1994 960 2034 vol.
983 2008 1022 2042 4.
1052 2008 1091 2047 p.
1119 1995 1214 2043 416.
1249 1992 1464 2032 Maximus
1492 1991 1702 2031 Planudes
1724 1991 1801 2030 vol.
1827 2003 1866 2044 5.

346 2067 386 2106 p.
413 2053 507 2104 287.
531 2058 573 2091 et
595 2064 825 2103 anonymus
847 2050 924 2089 101.
950 2061 986 2101 7.
1008 2065 1047 2103 p.
1071 2063 1167 2102 340.
1191 2064 1222 2089 s
1256 2048 1491 2087 WEBER.

404 2110 501 2162 643,
538 2110 599 2146 16.
643 2105 728 2156 παρ’
762 2106 848 2146 ἑνὸς
888 2107 1023 2145 τούτου
1065 2106 1309 2155 δικαστηρίου
1353 2106 1414 2144 καὶ
1454 2104 1540 2145 τοὺς
1575 2102 1869 2155 γεγραμμένους

347 2165 487 2214 νόμους
515 2164 575 2203 καὶ
600 2163 785 2213 τᾶγραφα
814 2163 956 2211 νόμιμα
983 2162 1026 2200 τὸ
1055 2162 1246 2213 ψήφισμα
1275 2161 1437 2213 εἴρηται]
1467 2160 1591 2200 Hanc
1618 2159 1869 2212 scripturam

346 2226 395 2260 ut*
416 2219 609 2273 vulgatae
636 2218 889 2272 praeferrem
911 2217 998 2267 παρ’
1023 2218 1065 2256 ἓν
1093 2220 1204 2256 τοῦτο
1227 2217 1269 2256 τδ
1299 2216 1546 2266 δικαστήριον
1568 2217 1629 2255 καὶ
1657 2217 1761 2265 παρὰ
1782 2215 1869 2257 τοὺς

347 2293 433 2327 γεγ.
456 2280 548 2323 etc..
574 2288 679 2328 quae
707 2274 748 2313 111
777 2273 866 2314 aliis
896 2273 1104 2312 codicibus
1133 2278 1209 2320 est,
1239 2287 1286 2312 eo
1318 2272 1581 2326 potissimum
1607 2277 1746 2312 motus
1778 2285 1870 2310 sum

349 2331 459 2385 quod
499 2344 728 2385 pronomen
771 2330 887 2369 αὐτοῦ
927 2334 1024 2383 post
1060 2329 1352 2380 γεγραμμένους
1392 2342 1516 2382 aegre
1557 2328 1865 2368 desiderarem:

349 2388 460 2441 quod
495 2386 687 2428 additum
723 2390 787 2426 est
821 2385 929 2426 infra
965 2385 1006 2424 111
1042 2385 1131 2425 1060
1168 2385 1289 2424 simili
1321 2400 1359 2439 p.
1384 2387 1479 2438 645.
1504 2397 1566 2438 13.
1601 2387 1730 2435 τρίτον
1765 2384 1870 2423 τουτὶ

348 2443 594 2495 δικαστήριον
622 2442 683 2482 καὶ
711 2445 758 2482 τὰ
785 2443 920 2482 τούτου
950 2443 1092 2492 νόμιμα
1119 2442 1405 2492 παραβεβηκὼς
1433 2442 1578 2492 φαίνει,
1601 2440 1736 2480 minus
1765 2439 1869 2479 desi-

349 2500 522 2540 deratur
548 2514 588 2552 p.
613 2500 707 2548 644,
731 2512 793 2551 15.
826 2501 945 2537 ταῦτα
971 2500 1044 2547 μὲν
1076 2498 1120 2547 δὴ
1150 2499 1216 2537 δύο
1249 2500 1456 2547 τηλικαῦτα
1488 2498 1550 2536 καὶ
1580 2500 1737 2536 τοιαῦτα
1768 2499 1869 2535 δικα-

351 2556 486 2607 στήρια
511 2557 571 2595 καὶ
594 2557 735 2605 νόμιμα
758 2556 798 2593 ἐκ
828 2554 971 2595 παντὸς
991 2557 1058 2593 τοῦ
1079 2555 1223 2606 χρόνον
1251 2553 1545 2604 παραδεδομένα
1567 2555 1685 2594 οὕτως
1707 2554 1870 2593 ἀναιδῶς

350 2612 654 2662 ὑπερπεπήδηκε.
717 2610 811 2649 Non
843 2609 1023 2649 diffiteor
1052 2614 1194 2649 tamen
1228 2624 1310 2649 non
1344 2623 1436 2649 eam
1473 2623 1561 2648 esse
1597 2609 1718 2662 hujus
1749 2622 1870 2661 argu-

349 2668 478 2707 menti
504 2667 585 2706 vim
614 2682 719 2720 «111116
748 2667 924 2706 alteram
953 2666 1065 2706 illam
1093 2666 1312 2705 lectionem
1342 2671 1514 2711 evertat,
1539 2679 1620 2718 qua
1648 2670 1689 2704 et
1718 2664 1869 2717 duplex

351 2723 629 2764 Aristocratis
661 2732 879 2776 peccatum
912 2722 1079 2775 gravius
1111 2721 1282 2761 effertur
1313 2727 1355 2761 et·
1385 2727 1576 2761 servatur
1606 2720 1869 2760 consentiens

350 2779 550 2819 librorum
572 2779 754 2818 omnium
777 2778 982 2831 scriptura
1006 2781 1109 2828 παρὰ
1130 2779 1218 2819 τοὺς
1239 2795 1287 2829 γ.,
1311 2777 1381 2817 ubi
1408 2779 1511 2826 παρὰ
1532 2777 1710 2830 ejectum
1732 2781 1793 2816 est
1819 2791 1870 2816 ex

352 2835 511 2875 Reiskii
540 2835 791 2888 conjectura,
816 2833 885 2887 qui
914 2834 1001 2886 ipsc
1024 2848 1187 2888 quoquc
1216 2847 1443 2887 pronomen
1472 2833 1713 2873 desiderans
1734 2834 1870 2873 τούτου

354 2895 451 2944 post*
471 2891 764 2943 γεγραμμένους
785 2890 971 2930 inseruit.
