1997 3256
367 163 421 203 A.
446 162 902 203 WESTERMANNI
940 164 1053 203 PRO
1064 163 1168 203 LEG
1179 162 1406 204 OMENA.
1554 163 1636 202 7525

126 264 186 304 ὑπ’
211 266 326 305 αὐτοῦ
355 265 566 318 κρινομένῳ
595 267 771 319 δημοσίᾳ,
800 268 860 306 καὶ
890 267 960 317 ἤδη
991 268 1035 321 τῇ
1068 269 1190 317 κρίσει
1222 267 1348 317 ἐκείνῃ
1379 265 1635 315 διαγεγονότα

125 320 191 369 ἔτη
212 321 323 366 ὀκτὼ,
345 321 405 360 καὶ
426 323 492 359 τοῦ
514 322 658 372 χρόνον
680 322 943 372 γεγενημένον
963 323 1108 364 παντὸς
1129 325 1252 362 αἴτιον
1275 321 1442 360 Μειδίαν
1463 321 1523 360 ἀεὶ
1543 336 1634 371 προ-

124 377 389 425 φασιζόμενον
410 376 472 414 καὶ
493 378 838 425 ἀναβαλλόμενον.

183 430 248 469 Ex
278 430 342 469 his
371 436 549 483 apparet
579 431 853 479 inimicitiam,
875 446 980 485 quae
1011 432 1119 471 inter
1152 430 1477 470 Demosthenem
1506 434 1634 482 atquc

125 485 302 525 Midiam
344 485 593 533 intercessit,
635 488 843 540 privatam
883 487 1062 540 primum
1101 486 1257 531 fuisseg
1305 486 1379 524 sed
1419 484 1508 524 fieri
1549 499 1633 524 non

122 540 261 593 potuit
282 541 381 593 quin
412 541 592 594 politica,
617 557 741 595 quam
764 543 919 590 dicunt,
942 548 1070 594 atque
1098 541 1262 593 publica
1284 539 1398 579 brevi
1421 540 1630 579 evaderet.

122 596 403 636 Athenienses
429 598 539 636 enim
562 602 660 637 tune
682 613 706 637 a
727 598 882 637 virtute
912 598 1117 649 majorum
1148 595 1324 635 multum
1350 595 1437 647 jam
1460 595 1633 647 degene-

120 657 326 699 raverant,
350 652 534 692 studium
565 653 797 693 honestatis
826 657 954 704 atque
982 666 1100 691 amor
1121 664 1241 690 verae
1270 649 1479 689 libertatis
1500 649 1632 688 libidi-

121 706 242 746 nibus
263 712 392 760 atquc
422 708 616 748 licentiae
638 712 843 748 cesserat:
876 706 1086 747 libertatis
1112 705 1278 744 nomine
1299 704 1465 756 quidem
1488 704 1631 744 etiam-

119 766 208 802 tum
246 764 381 802 forum
422 771 463 803 et
498 764 655 816 judicia
690 764 956 809 resonabant,
988 775 1131 801 verum
1172 774 1254 798 non
1286 760 1374 812 ejus
1409 759 1630 807 libertatis,

119 831 243 870 quam
265 819 357 871 quis
377 819 430 858 ad
452 820 654 858 arcendos
683 819 978 858 sceleratorum
1008 816 1221 855 hominum
1249 815 1430 868 impetus
1455 815 1629 867 expetit,

117 873 191 912 sed
213 888 294 926 qua
319 875 373 913 ad
401 875 671 914 exsatiandas
704 873 945 912 inhonestas
976 871 1168 911 libidines
1198 885 1302 923 opus
1333 875 1420 910 est:
1454 871 1630 924 populus

118 928 401 982 voluptatibus
432 929 686 983 indulgebat,
715 929 783 981 qni
814 928 967 981 populo
996 931 1232 980 praeerant,
1261 925 1449 965 homines
1480 926 1631 966 divites

117 984 359 1037 plerumque
380 990 422 1024 ct
443 985 555 1024 omni
580 998 731 1037 genere
758 983 974 1023 libidinum
995 983 1272 1028 abundanteS,
1294 981 1331 1021 ei
1358 981 1629 1022 blandieban-

116 1045 198 1088 tur,
222 1054 408 1093 pompas,
434 1040 569 1088 ludos,
590 1040 829 1093 spectacula
858 1040 1081 1092 parabant,
1104 1051 1251 1077 nervos
1281 1037 1533 1090 reipublicae
1560 1051 1628 1077 ex-

115 1096 338 1135 secabant:
370 1096 492 1149 pauci
514 1101 635 1136 crant
657 1095 726 1148 qui
750 1095 1068 1138 reluctarentur,
1092 1093 1152 1133 ita
1181 1097 1228 1132 ut
1254 1093 1342 1145 jam
1370 1097 1459 1132 tum
1481 1093 1628 1133 civitas
1639 1094 1695 1132 20

117 1150 439 1190 Atheniensium
460 1151 501 1190 in
518 1165 724 1190 summum
740 1151 961 1190 discrimen
984 1149 1210 1196 incidisset,
1227 1147 1304 1187 nisi
1327 1151 1423 1200 post
1444 1162 1627 1201 pugnam

117 1206 383 1247 Leuctricam
414 1222 488 1260 per
518 1207 752 1246 universam
779 1205 1001 1246 Graeciam
1030 1219 1178 1244 manus
1208 1203 1416 1256 animique
1448 1204 1627 1256 torpuis-

114 1267 221 1302 sent.
282 1263 344 1302 At
365 1277 414 1302 ex
438 1277 519 1315 quo
543 1262 760 1315 Philippus
788 1262 912 1301 rebus
938 1259 1220 1301 Macedonicis
1250 1259 1411 1312 potitus
1442 1264 1518 1307 est,
1541 1273 1626 1299 ma-

114 1317 209 1359 lum,
234 1318 345 1370 quod
373 1319 587 1371 hueusque
618 1319 694 1357 sub
715 1318 864 1356 umbra
893 1315 1131 1356 securitatis
1153 1314 1387 1362 delituerat,
1411 1314 1626 1354 vehemen-

114 1378 180 1412 ter
208 1378 336 1426 atque
365 1373 405 1412 in
436 1373 659 1427 perniciem
690 1372 941 1425 reipublicae
971 1371 1123 1424 erupit.
1185 1370 1370 1422 Populus
1396 1369 1626 1409 Athenien-

112 1428 218 1467 sium
251 1429 360 1468 incrs
391 1436 433 1469 et
466 1429 746 1468 subsidiorum
777 1442 937 1481 expers,
960 1426 1037 1480 ipsi
1060 1426 1129 1479 qui
1161 1429 1386 1479 praeerant
1413 1425 1626 1465 discordes

112 1488 240 1536 atque
276 1484 317 1522 in
350 1485 454 1524 duas
489 1490 631 1537 partes
665 1483 839 1536 disjecti,
872 1496 1047 1535 quarum
1084 1496 1167 1521 una
1201 1479 1464 1533 proditorum
1498 1484 1626 1533 atque

113 1539 260 1579 talium
281 1540 494 1579 hominum
516 1540 584 1592 qui
606 1544 681 1579 aut
705 1539 807 1578 lucri
830 1552 977 1578 caussa
997 1542 1072 1577 aut
1094 1541 1140 1575 ut
1162 1536 1246 1576 suis
1266 1535 1508 1574 libidinibus
1529 1538 1624 1575 tuto

112 1594 325 1649 indulgere
345 1600 516 1648 possent
538 1609 682 1648 pacem
708 1594 970 1634 inhonestam
992 1606 1117 1645 quam
1137 1591 1377 1631 libertatem
1398 1592 1508 1630 ferro
1529 1604 1623 1630 con-

112 1650 321 1690 firmatam
362 1651 495 1690 multo
534 1651 719 1698 mallent,
754 1650 889 1689 altera
929 1662 1073 1688 eorum
1109 1647 1178 1701 qui
1214 1647 1421 1700 majorum
1456 1646 1623 1686 virtutis

111 1719 326 1754 memores,
361 1706 548 1759 quamvis
587 1705 709 1759 pauci
744 1709 898 1752 essent,
934 1703 1158 1743 fortissime
1193 1707 1334 1742 tamen
1374 1716 1450 1755 pro
1486 1701 1624 1754 patria

111 1766 351 1814 pugnarunt
391 1766 434 1802 et
470 1775 601 1814 usque
640 1775 689 1801 eo
724 1760 1024 1813 rempublicam
1061 1773 1113 1798 ex
1148 1758 1308 1797 insidiis
1344 1772 1393 1797 ac
1431 1757 1623 1810 periculis

109 1816 267 1869 cripere
304 1817 569 1866 studuerunt,
602 1817 733 1856 donec
769 1816 848 1868 ipsi
878 1815 916 1855 vi
950 1815 1128 1867 doloque
1164 1813 1351 1867 oppressi
1392 1817 1503 1852 sunt.
1572 1812 1622 1852 In

110 1875 232 1912 tanta
254 1872 507 1912 seditionum
527 1886 576 1912 ac
597 1871 900 1911 discordiarum
929 1874 1184 1922 tempestate
1208 1869 1363 1908 Midias
1390 1873 1518 1920 atque
1542 1867 1622 1907 De-

109 1928 349 1967 mosthenes
369 1927 493 1967 medii
516 1942 604 1968 esse
625 1941 760 1979 neque
789 1926 831 1965 in
856 1925 1028 1966 alterius
1058 1924 1193 1978 partis
1213 1924 1396 1964 favorem
1426 1922 1622 1962 inclinare

109 1997 192 2022 non
223 1987 465 2036 potuerunt,
497 1983 746 2036 praesertim
777 1982 819 2021 in
849 1996 899 2021 ea
930 1980 1098 2020 civitate
1120 1993 1240 2033 quae,
1267 1979 1301 2018 si
1323 1978 1413 2032 quis
1444 1978 1486 2017 in
1517 1978 1621 2017 sedi-

109 2038 223 2078 tione
248 2043 377 2091 atque
402 2038 650 2078 discessione
671 2037 811 2091 populi
832 2051 914 2076 11011
935 2035 1128 2076 alterutri
1151 2034 1261 2087 parti
1283 2049 1326 2073 se
1347 2033 1620 2086 adjunxisset,

108 2093 217 2133 hunc
238 2094 399 2133 exulem
421 2099 713 2145 extorremque
735 2107 824 2132 esse
844 2091 973 2132 voluit
986 2100 1015 2130 C.
1067 2091 1131 2130 Ac
1152 2090 1328 2129 Midiam
1350 2089 1517 2141 quidem
1538 2102 1621 2128 non

108 2153 197 2188 tam
218 2149 411 2189 voluntas
441 2163 489 2189 ac
520 2148 703 2202 patriam
732 2147 936 2201 prodendi
966 2146 1182 2186 consilium
1203 2159 1327 2198 quam
1349 2144 1513 2184 animus
1534 2148 1621 2183 tur-

109 2204 304 2244 bulentus
336 2209 463 2257 atque
493 2204 718 2257 improbus,
744 2202 924 2242 maxime
955 2201 1173 2241 inimicitia
1200 2206 1243 2240 et
1274 2199 1414 2239 odium
1436 2199 1547 2252 quod
1578 2199 1622 2238 in

107 2259 238 2299 bonos
268 2260 453 2300 habebat
485 2272 639 2305 omnes,
671 2259 726 2298 ad
763 2272 905 2298 eorum
937 2261 1102 2311 partem
1134 2255 1325 2296 traduxit
1352 2254 1421 2307 qui
1455 2269 1508 2294 ex
1543 2254 1620 2293 rei-

107 2314 298 2367 publicae
335 2315 587 2354 detrimento
622 2314 784 2353 lucrum
817 2314 955 2354 facere
990 2315 1304 2352 consueverunt.
1372 2310 1491 2350 Haec
1523 2323 1619 2349 vero

107 2384 205 2423 pars
238 2370 360 2423 longe
394 2375 488 2409 erat
522 2369 831 2422 potentissima,
858 2368 970 2421 quod
997 2381 1119 2420 quem
1153 2366 1328 2419 petebat
1362 2365 1487 2404 finem
1520 2364 1620 2403 dum

105 2430 399 2477 assequeretur
431 2424 581 2477 quibus
620 2424 755 2463 modis
790 2427 1085 2476 assequeretur
1124 2421 1225 2461 nihil
1264 2420 1381 2473 pensi
1420 2419 1619 2459 habebat.

109 2480 311 2520 Praeerat
331 2480 368 2519 ei
388 2479 560 2519 factioni
580 2484 672 2519 tum
690 2479 880 2518 Eubulus
890 2479 922 2526 d,
940 2477 1005 2517 cui
1026 2482 1122 2530 post
1144 2475 1343 2516 successit
1361 2474 1617 2520 Aeschines;

107 2536 311 2575 secundas
341 2540 484 2587 partes
514 2548 590 2587 pro
620 2533 773 2574 eximia
799 2533 1039 2574 temeritate
1061 2532 1148 2585 egit
1172 2531 1340 2577 Midias,
1363 2534 1460 2583 post
1482 2528 1620 2568 Philo-

107 2590 428 2643 crateS,.reliqui
450 2603 604 2637 omnes,
629 2603 805 2642 quorum
835 2588 1004 2627 nomina
1034 2586 1257 2626 memoriae
1288 2584 1449 2625 tradita
1480 2588 1578 2623 sunt
1591 2590 1619 2632 θ,

106 2646 312 2686 minorum
345 2645 533 2699 gentium
573 2653 616 2684 et
651 2644 704 2684 ad
746 2643 1055 2696 exsequendum
1089 2655 1215 2695 quam
1254 2641 1308 2681 ad
1349 2639 1620 2693 cogitandum
1633 2635 1683 2673 521

149 2774 164 2791 c
183 2770 218 2798 Α.
233 2769 312 2799 Gell.
334 2769 375 2798 N.
390 2769 430 2798 A.
446 2777 475 2805 2,
490 2777 537 2796 12.
572 2767 653 2796 Vide
669 2776 746 2805 qnos
762 2765 829 2795 lau·
945 2769 959 2786 ⁰
993 2764 1212 2803 Polyeuctnm,
1245 2761 1468 2798 Timocratem,
1504 2761 1620 2791 Eucte-

106 2812 162 2841 dat
173 2811 333 2841 Fabricius
345 2810 379 2839 in
390 2810 474 2840 Bibl.
485 2809 596 2838 Graec.
611 2808 670 2838 vol.
686 2817 714 2837 2.
731 2817 762 2846 p.
777 2817 828 2846 54.
897 2815 1023 2835 monem
1052 2805 1196 2834 nominat
1224 2803 1315 2833 Dem.
1336 2813 1361 2833 c.
1387 2803 1468 2832 Mid.
1485 2812 1514 2841 p.
1533 2801 1619 2840 560„

106 2854 155 2883 ed.
173 2853 263 2882 Harl.
900 2847 1124 2886 Philippidem,
1151 2845 1416 2881 Mnesarchidem,
1441 2844 1620 2874 Dietimum

150 2895 168 2919 d
186 2895 260 2924 Vid.
279 2893 454 2923 Ruhnken.
477 2892 550 2922 hist.
571 2891 640 2922 crit.
657 2900 704 2920 or.
723 2891 779 2920 Gr.
797 2900 828 2929 p.
900 2889 946 2919 Id.
963 2899 992 2927 p.
1010 2889 1095 2928 581·›
1114 2887 1355 2927 Neoptolemum
1371 2886 1458 2917 addit
1473 2895 1504 2925 p.
1522 2885 1595 2924 583.

108 2935 234 2974 65-68
250 2942 281 2966 et
296 2941 392 2965 nostr.
411 2934 484 2965 hist.
498 2934 599 2973 eloqu.
615 2935 726 2964 Graec.
739 2935 765 2970 ξ.
777 2940 826 2971 54.
