1997 3256
727 161 789 200 IN
824 161 1076 201 MIDIAM.
1569 165 1654 206 809

199 277 292 320 550,
315 277 374 304 10.
398 264 441 304 τὸ
464 265 612 314 σεμνὸν
634 266 696 304 καὶ
721 266 762 305 τὸ
791 266 1005 320 δαιμόνιον]
1043 266 1278 320 Lenncpius
1299 266 1353 307 ad
1378 266 1592 307 Phalarid.
1614 282 1654 320 p.

140 335 222 374 339
245 336 302 361 ως
339 321 418 360 “rb
451 321 611 370 σεμνὸν,
642 321 849 361 diversum
875 336 901 361 a
921 323 964 361 τὸ
987 324 1198 372 δαιμόνιον,
1228 322 1396 375 respicit
1431 323 1474 361 τὸ
1511 323 1656 363 θεῖον.”

142 377 236 416 Non
257 376 477 417 assentior.
529 377 572 415 τὸ
594 378 793 426 ὃαίμονιον
814 378 855 416 11.
879 378 903 417 l.
927 384 989 417 est
1014 377 1039 416 i.
1063 393 1102 431 q.
1126 379 1169 417 τὸ
1193 381 1308 418 θεῖον.
1354 378 1605 418 SCHAEF.

196 443 292 486 557,
309 435 345 471 6.
371 431 489 486 ὕδωρ]
525 432 651 472 Certa
672 433 712 472 in
730 433 954 487 clepsydris
970 448 1104 486 aquae
1127 448 1322 473 mensura
1338 433 1504 486 utrique
1521 434 1657 473 dicen-

139 487 244 528 tium
263 489 457 537 dabatur,
474 503 555 542 qua
573 488 713 542 elapsa
735 489 859 529 finem
877 489 1041 529 dicendi
1057 490 1193 529 facere
1210 490 1404 529 debebat.
1427 489 1586 529 BUTT
1593 491 1655 529 M.

141 543 195 584 V.
220 544 273 584 ad
295 559 334 598 p.
359 556 452 596 274,
477 558 538 583 10.
561 557 656 598 359,
679 557 719 599 5.

195 612 291 654 557,
323 613 360 651 7.
393 601 487 651 πρὸς
517 600 559 639 τὸ
590 603 732 640 λοιπὸν
752 601 846 653 πᾶν]
886 600 1071 640 ςῑὼῑῑιιᾶί
1096 604 1163 639 τοῦ
1189 601 1325 651 λόγου.
1388 600 1657 641 Constructio

139 657 358 695 verborum
384 657 657 709 trajectorum
686 657 788 696 haec
815 663 902 696 est:
936 658 969 695 εἰ
990 657 1032 695 τὸ
1056 656 1143 707 παρ’
1162 656 1393 707 ἀμφοτέρων
1415 657 1521 706 ἡμῶν
1541 658 1654 708 ὕδωρ,

138 713 183 751 τό
213 712 243 750 τ’
270 713 363 761 ἐμὸν
384 712 489 763 λέγω
518 713 578 751 καὶ
610 713 653 751 τὸ
684 714 833 759 τούτου,
863 712 1043 762 ὑπάρξειε
1075 713 1292 761 προστεθὲν
1313 712 1408 761 πρὸς
1439 712 1481 750 τὸ
1514 713 1658 752 λοιπὸν

139 771 216 807 πᾶν
237 772 304 807 τοῦ
330 770 465 819 λόγου.
518 769 566 807 Si
592 782 701 820 aqua
728 767 834 807 nobis
858 766 1038 807 ambobus
1058 767 1232 819 definita,
1256 767 1427 820 mihique
1448 774 1555 820 puta
1578 768 1658 808 illi-

139 838 223 876 que,
259 825 300 863 {a
330 838 454 863 unam
485 825 649 877 confusa
682 837 851 863 massam
882 823 958 871 illi,
991 837 1090 876 quae
1121 823 1252 862 adhuc
1283 822 1439 875 reliqua
1472 830 1656 877 superest,

139 881 330 919 orationis
351 894 456 920 meae
467 880 587 934 parti
602 880 796 927 addatur,
812 886 942 919 tamen
963 879 1075 918 leand
1091 879 1294 930 szqffiverit.
1330 878 1524 918 REISK.
1573 879 1658 919 Ita-

140 950 219 988 que
259 941 355 989 post
396 939 473 975 πᾶν
512 935 652 988 posuit
692 935 998 989 hypostigmen,
1038 949 1161 987 quam
1204 934 1384 974 servaw‘t
1426 934 1656 975 Bekkerus.

139 991 302 1032 Delevit
327 992 609 1031 Buttmannus
641 992 743 1030 haec
775 991 831 1030 sic
854 996 1044 1031 vertens:
1076 990 1113 1030 si
1138 991 1174 1030 ei
1200 1005 1339 1044 aquae,
1372 1004 1473 1042 quae
1503 991 1658 1045 reliqua

137 1047 240 1086 milei
266 1054 329 1095 est,
352 1047 399 1086 (sle
430 1062 522 1087 noco
552 1047 767 1087 adderetur
789 1048 941 1101 integmn
972 1053 1007 1087 et
1038 1061 1124 1086 mea
1156 1053 1188 1086 et
1219 1046 1329 1086 ille'as
1361 1061 1559 1095 mensura,
1580 1061 1658 1087 vnon.

138 1110 268 1143 lamen
288 1104 488 1156 sufficeret.
551 1104 666 1154 Quae
686 1103 796 1143 ratio
819 1108 1022 1157 quantum
1044 1107 1232 1156 praestet
1255 1102 1507 1142 Reiskianae
1529 1118 1657 1156 quan-

138 1164 310 1213 tumque
327 1164 480 1213 augeat
502 1160 664 1213 pondus
679 1161 911 1207 verborum,
928 1159 1019 1213 quis
1043 1174 1125 1199 non
1147 1158 1369 1213 intelligit?
1402 1159 1655 1200 SCHAEF.

140 1215 373 1256 Delendum
394 1230 555 1255 comma
577 1221 672 1269 post
694 1219 783 1255 πᾶν.

195 1285 220 1326 5
224 1284 291 1326 57,
313 1273 376 1311 16.
399 1273 532 1324 τόπος]
574 1272 666 1311 Non
698 1271 929 1326 intelligam
951 1271 1002 1311 de
1027 1272 1117 1310 loco
1143 1271 1330 1311 oratorio
1353 1285 1383 1311 s.
1408 1271 1505 1311 sede
1535 1286 1656 1326 argu-

137 1334 386 1373 mentorum,
411 1333 456 1368 ut
482 1328 664 1382 Ulpiano
684 1328 855 1382 placuit,
879 1327 951 1366 sed
977 1342 1099 1367 sensu
1131 1327 1312 1381 proprio.
1375 1327 1491 1367 Dicit
1512 1334 1656 1368 orator

141 1384 319 1424 Midiam
351 1384 504 1437 ubique
537 1385 738 1432 locorum,
765 1398 1011 1437 quocunque
1047 1384 1282 1431 accesserit,
1315 1383 1427 1423 domi
1456 1383 1652 1437 forisque,

137 1441 336 1494 capitalia
367 1445 644 1494 perpetrasse.
706 1440 956 1493 Quanquam
986 1439 1105 1479 facile
1136 1440 1363 1479 concedam
1393 1439 1471 1479 hoc
1498 1440 1656 1480 dictum

137 1510 227 1536 esse
248 1498 622 1547 ὑπερβολικώτερον.
683 1497 846 1536 Eadem
875 1495 1114 1549 superlatio,
1138 1510 1244 1549 quae
1275 1495 1340 1535 hic
1372 1500 1437 1535 est
1467 1495 1519 1536 de
1549 1496 1653 1544 loco,

138 1553 188 1592 de
209 1558 398 1607 tempore
419 1553 607 1606 sequitur
628 1568 663 1593 v.
689 1566 754 1605 23.
798 1551 1048 1592 SCHAEF.

194 1619 290 1663 557,
316 1611 380 1649 26.
403 1610 511 1658 ἄξιον
533 1609 719 1661 θανάτου]
757 1610 1013 1648 sarcasmus.
1074 1607 1126 1646 In
1147 1621 1196 1647 eo
1223 1607 1399 1660 gloriam
1421 1609 1655 1660 quaerebat

140 1665 306 1713 Midias,
338 1670 386 1705 ut
422 1665 478 1704 nil
514 1665 591 1705 nisi
623 1665 734 1718 quod
766 1669 901 1704 morte
932 1664 1103 1718 dignum
1139 1668 1250 1703 esset
1286 1669 1489 1717 patraret,
1521 1679 1656 1718 neque

137 1731 278 1761 tamen
310 1736 403 1761 eam
433 1726 662 1775 pateretur.
713 1721 872 1761 Verum
904 1735 985 1759 non
1018 1734 1138 1759 onme
1166 1720 1276 1773 quod
1309 1720 1655 1760 homuncionibus

138 1777 257 1817 nobis
284 1777 439 1831 capital
461 1782 537 1823 est,
560 1784 602 1818 et
624 1777 679 1816 illi
707 1777 768 1817 ita
789 1776 1021 1816 videbatur.
1078 1775 1247 1815 Altiora
1268 1776 1453 1828 petebat.
1517 1777 1575 1817 Et
1597 1777 1655 1817 sic

138 1833 344 1887 deinceps.
389 1833 615 1873 BUTTM.

200 1900 296 1944 557,
328 1891 392 1929 28.
426 1890 553 1943 ἔθνος]
597 1889 767 1930 Classem
804 1889 964 1929 civium.
1027 1887 1254 1942 Sequentia
1290 1887 1441 1927 docent
1478 1887 1654 1943 intelligi

138 1945 311 1986 classem
333 1945 532 1999 equitum.
577 1946 693 1986 Conf.
715 1961 754 1999 p.
778 1947 873 1993 668,
899 1958 938 1984 11
959 1959 1073 1998 seqq.
1117 1943 1368 1984 SUHAEF.

197 2003 288 2055 ἐλᾷ]
328 2002 384 2040 V.
412 2002 571 2041 Moeris
591 2017 630 2055 p.
651 2001 898 2053 146.—Hoc
928 2015 1049 2040 sensu
1081 2001 1261 2039 ἐλαύνειν
1284 1999 1325 2038 in
1354 2000 1431 2039 hac
1463 1999 1654 2040 oratione

137 2058 303 2112 saepius
340 2057 509 2098 dicitur.
560 2058 615 2097 V.
643 2073 682 2112 p.
712 2068 807 2111 535,
840 2060 904 2096 26.
937 2067 1033 2111 551,
1059 2068 1096 2108 7.
1128 2058 1222 2110 558,
1250 2069 1313 2095 21.
1345 2067 1440 2110 559,
1464 2068 1503 2107 3.
1525 2056 1654 2096 πάντα

138 2116 280 2165 τρόπον
297 2117 495 2164 περιωθῶν
512 2115 573 2153 καὶ
590 2115 765 2154 ἐλαύνων
785 2114 867 2155 τοὺς
884 2115 1108 2163 ἀνθρώπους
1124 2127 1163 2165 p.
1184 2122 1280 2166 570,
1298 2123 1359 2162 17.
1394 2112 1653 2152 δὈΗΑΕΡ.

193 2182 219 2224 5
222 2173 289 2224 58,
313 2173 351 2209 6.
375 2170 602 2221 ἐλοιδορήθη
628 2170 763 2210 active
794 2169 1109 2223 intelligendum
1138 2182 1228 2208 esse
1259 2167 1336 2207 loci
1366 2172 1488 2207 tenor
1516 2168 1651 2208 docet.

139 2226 204 2266 Sic
230 2227 525 2277 λοιδορηθέντος
551 2226 580 2266 δ’
605 2227 734 2268 αὐτοῖς
765 2227 913 2265 ἐκείνου
943 2226 1004 2265 καὶ
1036 2226 1267 2265 κακίσαντος
1296 2224 1432 2266 αὐτοὺς
1457 2225 1501 2264 οὐ
1530 2226 1653 2274 μόνον

137 2284 224 2333 περὶ
245 2285 360 2322 ὧν-
378 2297 418 2336 p.
438 2294 555 2336 ]257,
584 2295 646 2335 23.
691 2281 941 2322 SCHAEF.

194 2351 219 2392 5
223 2339 290 2392 58,
314 2351 373 2377 io.
401 2337 458 2378 ἐπ’
478 2339 620 2392 οὐδενὶ]
655 2338 777 2378 Nulla
809 2343 851 2378 te
882 2342 1057 2391 cogente
1086 2350 1233 2376 caussa
1264 2335 1441 2384 sontica,
1464 2336 1654 2389 petulan-

141 2399 219 2434 ter.
264 2394 516 2435 SCHAEF.

195 2454 290 2505 558,
314 2456 374 2489 16.
399 2449 456 2489 ἐπ’
476 2450 694 2502 ἀστράβης]
733 2450 850 2489 Inter
871 2449 1121 2488 documenta
1149 2446 1337 2486 mollitiei
1360 2452 1402 2487 et
1423 2447 1544 2486 luxus
1567 2448 1655 2501 qui-

138 2508 214 2546 bus
236 2508 275 2545 in
300 2506 388 2560 ipsa
411 2506 560 2546 militia
583 2506 748 2546 deditus
770 2512 860 2545 erat
881 2505 1048 2551 Midias,
1067 2504 1166 2543 illud
1184 2503 1310 2543 etiam
1332 2503 1523 2549 refertur,
1542 2504 1654 2556 quod

140 2568 282 2603 vectus
298 2561 429 2602 'fuerit
453 2563 511 2601 ἐπ’
529 2562 741 2612 ἀστράβης.
803 2561 887 2600 Hic
913 2566 1012 2600 ante
1034 2560 1171 2599 omnia
1194 2558 1443 2612 quae-rimus,
1471 2559 1570 2612 quid
1599 2560 1654 2600 sit

139 2619 344 2669 ἀστράβη;
379 2617 442 2657 cui
467 2617 699 2671 quaestioni
730 2617 923 2657 bifariam
954 2616 1231 2669 respondetur
1260 2615 1313 2654 ab
1342 2615 1442 2668 ipsis
1473 2615 1653 2668 antiqui-

139 2675 279 2715 oribus
303 2674 615 2729 grammaticis:
650 2688 745 2713 nam
775 2688 873 2726 pars
894 2672 1072 2715 clitellas.
1096 2686 1192 2724 pars
1215 2671 1362 2710 mulam
1385 2685 1473 2710 esse
1494 2670 1652 2712 dicunt.

141 2732 290 2785 Itaque
316 2730 590 2785 posteriorem
611 2732 696 2768 fere
718 2728 1109 2782 interpretationem
1131 2726 1384 2767 recentiores
1407 2726 1654 2767 Demosthe-

140 2788 202 2826 nis
223 2793 489 2827 enarratores
510 2785 689 2839 amplexi
718 2786 851 2824 locum
874 2785 933 2824 ita
956 2783 1165 2837 explicant
1184 2798 1191 2821 :
1226 2796 1436 2821 reversum
1458 2796 1548 2822 esse
1573 2784 1654 2823 Mi-

140 2844 250 2883 dian]
279 2844 332 2883 ab
355 2842 617 2897 expeditione
642 2842 696 2882 ad
721 2842 930 2895 Arguram
959 2840 1164 2884 Euboeae,
1186 2838 1298 2878 mula
1320 2844 1483 2877 vectum
1505 2843 1653 2892 totque

140 2899 312 2939 sarcinis
344 2899 558 2953 stipatum,
588 2903 635 2938 ut
666 2897 908 2952 portitores,
935 2895 1120 2950 quauwis
1152 2893 1343 2933 immunis
1373 2893 1476 2933 alias
1507 2895 1654 2936 suisset

140 2955 283 2995 bellica
317 2955 512 3008 supellex,
546 2955 610 2994 his
642 2963 781 2995 tamen
822 2953 979 2993 Midiae
1015 2949 1323 3005 impedimentis
1359 2964 1527 2990 manum
1563 2950 1654 3005 inji-
