1997 3256
551 127 875 168 ADVERSUS
909 127 1239 168 LEPTINEM.
1565 126 1650 170 647

145 245 222 288 15„
245 235 371 275 etiam
402 233 504 273 nihil
531 233 732 286 rempubl.
756 247 806 273 ex
832 248 879 273 ea
908 248 953 273 re
980 233 1137 284 ditari,)
1163 238 1207 273 at
1229 231 1362 284 utique
1381 230 1454 271 fiet
1479 230 1645 284 (inquit)

138 292 287 339 famae,
310 290 383 330 fiet
403 289 561 344 gloriae
582 292 755 328 vestrae.
818 289 961 342 Atque
993 289 1033 328 in
1062 290 1139 328 1100
1166 288 1254 342 ipso
1282 292 1347 327 est
1371 288 1494 337 ζημία,
1518 300 1647 339 eaque

139 346 306 400 gravior
347 360 471 399 quam
516 344 768 398 pecuniaria,
810 345 1025 398 magisque
1069 345 1228 384 liberali
1269 343 1407 384 animo
1454 342 1649 396 pertime-

140 403 306 442 scenda.
339 403 388 441 F.
412 402 465 440 A.
486 400 678 441 WOLF.
742 400 927 453 Vulgata
949 406 1011 440 est
1035 400 1263 440 sanissima.
1326 399 1408 438 Sed
1434 399 1570 438 locum
1591 398 1649 437 510

139 457 413 511 interpreter:
449 458 544 496 Non.
565 457 668 496 enim
690 456 786 505 (hae
818 456 859 495 in
887 456 1186 496 deliberatione
1209 456 1259 495 de
1280 454 1475 495 tollendis
1502 455 1649 493 immu-

140 513 362 564 nitatibus)
388 513 494 552 illud
516 519 669 552 lantum
696 512 908 551 ridendam
936 518 999 560 esf,
1023 527 1077 551 aa
1098 512 1312 565 pecuniam
1343 511 1563 559 lucremini,
1585 510 1655 549 sed

139 569 257 608 etiam
289 569 369 618 hoc,
398 583 452 608 cm
478 569 624 620 fimum
648 568 853 620 'jacturam
876 568 1067 619 faciali&
1115 569 1149 607 εἰ
1181 567 1233 617 μὴ
1269 566 1431 618 χρήματ’
1454 567 1651 605 ἀπόλλυτε

140 624 167 664 1.
192 639 229 677 q.
253 627 287 664 εἰ
305 625 484 676 χρήματα
507 626 661 671 σώζετε.
704 623 960 663 SCHAEF.

196 691 293 733 459.
319 682 382 720 28.
406 680 609 730 τεκμήριον
630 679 690 731 δέ]
729 680 757 717 J
762 693 829 718 am
857 678 1021 731 egregie
1045 679 1099 717 ad
1130 692 1217 718 rem
1246 691 1362 717 suam
1384 676 1520 716 utitur
1541 676 1652 716 fama

141 735 408 776 liberalitatis
430 750 477 775 ae
499 735 595 775 fidei
617 735 835 785 majorum.
898 733 1138 787 quusmodi
1156 733 1414 787 argumentis
1436 731 1536 770 nihil
1552 731 1652 785 fingi

139 791 279 845 aptius
310 796 451 845 potest
475 792 530 831 ad
558 790 766 844 ingenium
788 789 935 829 talium
957 789 1183 837 hominum7
1208 789 1350 841 quales
1373 787 1652 827 Athenienses

140 852 274 887 erant.
336 847 533 898 Quamvis
562 847 671 886 enim
702 859 931 898 paucorum
956 860 1007 884 ex
1038 845 1106 884 illo
1137 845 1289 898 populo
1314 844 1440 883 fuisse
1461 843 1654 883 videatur

140 904 207 943 hic
237 903 370 943 malus
400 904 545 950 fastus,
575 902 644 955 qui
677 902 718 940 in
749 901 934 955 antiquis
967 900 1200 940 stemmatis
1232 899 1458 954 gentilibus
1492 898 1653 947 nititur,

140 959 319 999 universi
340 964 482 999 tamen
509 959 713 1011 majorum
735 957 841 996 actis
863 962 905 996 et
926 956 1151 996 virtutibus
1174 956 1234 996 ita
1256 955 1568 1009 superbiebant,
1591 958 1651 1002 ut,

140 1029 411 1068 quaecunque
440 1015 490 1054 de
521 1014 585 1053 his
617 1013 867 1066 omninoque
896 1013 946 1051 de
978 1012 1113 1065 prisca
1136 1012 1402 1052 Athenarum
1433 1010 1654 1050 nobilitate

139 1071 494 1125 praedicarentur.
518 1070 571 1110 ad
593 1084 635 1109 se
657 1069 831 1123 quisque
852 1068 1062 1121 pertinere
1083 1072 1268 1121 putaret.
1326 1068 1452 1121 Cujus
1474 1066 1654 1106 utilioris

139 1127 358 1180 superbiae
393 1132 524 1167 testes
560 1126 760 1166 habemns
797 1125 935 1177 plnres
972 1125 1208 1177 praeclaras
1238 1124 1371 1175 ῥήσεις
1403 1124 1445 1162 111
1482 1122 1653 1162 scenicis

139 1183 274 1236 poetis
308 1188 351 1223 et
390 1183 483 1223 loca
515 1182 675 1235 aliquot
711 1181 925 1234 splendida
965 1180 1174 1227 isocratis,
1212 1179 1404 1233 Lycurgi,
1442 1179 1575 1219 nostri
1612 1178 1654 1218 in

141 1239 259 1279 Orat.
286 1239 337 1278 de
368 1239 532 1279 Corona
568 1244 610 1278 et
646 1237 687 1276 in
721 1237 828 1285 aliis,
859 1241 903 1276 et
937 1236 1160 1276 Menexeni
1192 1235 1399 1276 Platonici
1436 1234 1653 1275 exordium

139 1294 384 1335 festivitatis
407 1294 579 1334 Atticae
599 1293 898 1347 plenissimum.
942 1294 992 1331 F.
1017 1293 1071 1331 A.
1089 1292 1146 1330 W
1153 1292 1281 1332 OLF.

196 1352 292 1400 460,
319 1364 355 1390 2.
380 1350 683 1390 οὐδένα-ἀλλὰ
705 1350 784 1402 καὶ]
820 1348 1008 1388 Solemnis
1030 1362 1128 1387 usus
1151 1348 1209 1387 sie
1231 1347 1405 1387 adhibet
1426 1346 1654 1400 particulas

139 1408 247 1446 ἀλλὰ
272 1409 347 1455 καί,
371 1406 531 1446 omissis
560 1407 604 1445 οὐ
628 1407 761 1455 μόνον,
786 1404 856 1443 ubi
877 1405 1012 1457 majus
1035 1404 1134 1457 quid
1164 1403 1315 1442 minori
1342 1402 1652 1455 superadditur,

140 1477 222 1516 qua
250 1463 396 1502 eadem
417 1462 455 1502 vi
488 1461 627 1502 Latini
660 1461 870 1501 interdum
897 1464 1060 1513 ponunt
1086 1460 1155 1499 secl
1178 1466 1224 1498 et.
1284 1460 1461 1512 Propter
1481 1458 1656 1510 ῃῐονὶαφη

138 1518 294 1558 mellum
310 1533 486 1572 unquam
498 1517 726 1572 per-iczdmn
748 1517 914 1569 majores
935 1516 1059 1555 nostri
1074 1516 1351 1562 clarectarzmt,
1369 1514 1448 1554 sed
1466 1520 1504 1553 et
1518 1513 1658 1566 facul-

139 1580 236 1614 tates
263 1588 356 1614 suas
386 1575 565 1629 ipsorum
600 1573 702 1613 ultro
730 1572 1019 1626 imqmnderunt.
1080 1571 1152 1610 Ad
1179 1584 1267 1610 rem
1288 1570 1395 1609 conf.
1420 1570 1470 1609 de
1493 1569 1588 1610 Cor.
1612 1584 1655 1622 p.

142 1640 235 1682 247.
261 1632 353 1681 296.
381 1635 425 1670 et
452 1630 494 1669 in
524 1629 709 1669 Andret.
740 1643 781 1681 p.
806 1630 919 1679 607„
946 1632 994 1667 ut
1024 1626 1127 1667 alios
1159 1626 1271 1665 locos
1301 1625 1481 1665 mittam.
1522 1626 1571 1664 F.
1598 1625 1651 1664 A.

196 1743 291 1793 460,
315 1755 354 1792 4.
383 1740 802 1793 ταύτην-περιάπτει]
841 1739 1006 1779 Scilicet
1034 1740 1164 1788 δόξαν.
1229 1738 1279 1777 In
1301 1739 1406 1787 δόξα,
1430 1736 1536 1776 sicut
1559 1735 1655 1776 Lat.

126 1798 266 1850 sama,
290 1797 399 1837 inest
419 1797 555 1836 media
582 1801 784 1850 potestas,
807 1796 917 1835 unde
939 1797 1032 1843 δόξα
1054 1795 1160 1844 κακὴ,
1186 1796 1347 1844 πονηρὰ,
1373 1794 1519 1844 φαύλη.
1569 1794 1657 1832 ταύ-

139 1870 209 1904 την
231 1853 370 1907 capies
392 1853 442 1892 de
468 1867 529 1901 ea,
553 1867 659 1906 quae
691 1852 836 1892 statim
862 1850 1116 1891 describitur
1136 1850 1271 1889 verbis
1293 1850 1380 1900 τρία
1407 1850 1481 1899 γὰρ
1505 1866 1535 1887 κ.
1559 1864 1590 1886 τ.
1618 1853 1657 1887 λ.

138 1910 365 1960 περιάπτειν
386 1909 437 1948 de
468 1909 639 1948 infamia
660 1908 722 1947 vel
751 1908 859 1956 labe,
882 1922 964 1960 qua
986 1921 1109 1959 quem
1137 1904 1438 1958 adspergimus.
1465 1904 1658 1956 frequens

139 1970 215 2013 est,
244 1965 353 2004 unde
385 1967 534 2006 ὄνειδος
559 1964 622 2004 vel
654 1965 845 2016 αἰσχύνην
876 1966 921 2017 τῇ
952 1965 1068 2002 πόλει
1103 1961 1343 2012 περιάπτειν.
1407 1960 1658 2012 Quanquam

139 2021 312 2060 verbum
333 2021 375 2060 in
395 2021 549 2060 bonam
571 2034 734 2074 quoque
756 2023 920 2072 partem
941 2017 1131 2057 sumitur.
1178 2018 1227 2056 F.
1252 2017 1306 2056 A.
1324 2015 1518 2055 WOLF.

195 2079 292 2127 460,
320 2087 358 2128 7.
392 2078 450 2116 ὅτι
481 2077 611 2115 τοίνυν
637 2075 713 2114 οὐδ’
734 2076 843 2114 ἐστὶν
866 2092 898 2113 κ.
923 2090 954 2113 τ.
977 2075 1039 2126 λ.]
1075 2073 1236 2112 Locum
1266 2072 1374 2111 hunc
1406 2085 1428 2110 e
1459 2069 1659 2110 memoria

139 2132 198 2172 sic
224 2132 377 2172 recitat
399 2131 612 2171 Aristides
635 2146 674 2184 p.
699 2131 796 2183 358.
820 2131 884 2169 ἵνα
905 2130 1036 2169 τοίνυν
1058 2132 1194 2180 γνῶτε,
1218 2129 1267 2169 ὡς
1288 2128 1376 2167 οὐδέ
1399 2128 1484 2166 ἐστι
1505 2129 1572 2165 τοῦ
1594 2128 1659 2175 τῆς

139 2190 291 2230 πόλεως
310 2189 425 2238 ἤθους
447 2189 576 2238 κύριον
597 2190 757 2236 ποιῆσαι
778 2189 953 2225 τοιοῦτον
975 2187 1106 2234 νόμον.
1150 2183 1344 2223 REISK.

194 2246 291 2294 460,
321 2257 380 2284 10.
414 2244 457 2283 ἕν
482 2242 811 2295 τι-διεξελθών]
848 2241 978 2281 Recte
1001 2241 1058 2279 H.
1076 2240 1258 2279 VVolfius
1283 2238 1435 2279 vertit:
1472 2237 1509 2277 si
1537 2250 1660 2276 mmm

133 2300 255 2354 prius
274 2306 428 2339 nostrae
453 2299 631 2338 civitatis
660 2298 877 2351 exemplum
897 2296 1076 2337 attulero.
1140 2295 1247 2334 Post
1269 2295 1502 2347 exemplum
1525 2292 1659 2346 sequi-

138 2360 210 2396 tur
259 2355 560 2395 demonstratio
610 2369 645 2393 v.
696 2365 760 2394 22.
808 2368 898 2406 sqq.
946 2356 1025 2394 πῶς
1074 2352 1144 2391 οὖν
1193 2351 1237 2390 οὐ
1289 2350 1416 2390 δεινὸν
1468 2367 1500 2388 κ.
1543 2366 1576 2388 τ.
1618 2355 1658 2388 λ.

195 2468 291 2517 460,
314 2480 372 2506 11.
388 2466 572 2517 λέγονται
584 2464 747 2518 χρήμαθ’
763 2466 799 2504 οἱ
819 2463 1025 2514 τριάκοντα
1039 2480 1071 2502 κ.
1087 2479 1120 2502 τ.
1135 2462 1191 2516 λ.]
1210 2461 1326 2502 Oitat
1342 2460 1382 2500 h.
1401 2460 1426 2499 l.
1446 2458 1658 2499 Aristides

137 2522 259 2575 Τέχν.
288 2537 327 2575 p.
356 2522 448 2572 184.
475 2525 518 2560 et
543 2536 582 2574 p.
610 2533 701 2561 121.
738 2520 931 2559 REISK.
980 2519 1086 2558 Rem
1118 2522 1287 2571 praeter
1322 2516 1431 2555 hunc
1467 2519 1659 2554 nostrum

138 2582 373 2618 memorant
399 2576 563 2617 brevius
600 2576 766 2628 quidem
799 2575 1041 2627 Xenophon
1073 2573 1236 2613 Hellen.
1267 2584 1302 2620 2,
1326 2585 1366 2621 4,
1402 2583 1464 2621 19.
1488 2575 1531 2610 et
1560 2570 1659 2609 Plu-

138 2634 311 2674 tarchus
340 2633 520 2686 Lysand.
543 2647 582 2686 p.
605 2642 688 2685 445
712 2631 773 2679 B„
797 2631 939 2670 forsan
965 2634 1009 2669 et
1037 2628 1184 2682 Lysias
1206 2628 1277 2667 Or.
1302 2626 1461 2665 XXX.
1483 2641 1522 2679 p.
1548 2626 1657 2672 860„

138 2689 379 2744 diligentius
407 2688 615 2728 Isocrates
637 2687 679 2726 in
705 2688 918 2739 Areopag.
947 2700 987 2737 p.
1012 2694 1119 2737 225,
1151 2684 1211 2737 [p.
1240 2695 1330 2736 153.
1355 2682 1412 2721 H.
1436 2681 1516 2735 St.]
1543 2682 1659 2734 cujus

139 2746 267 2785 verba
295 2744 456 2784 utiliter
482 2759 508 2784 a
535 2743 691 2783 lectore
719 2742 1005 2781 conferentur:
1050 2742 1102 2779 Οἱ
1130 2742 1171 2778 δὲ
1199 2738 1459 2789 κρατήσαντες
1486 2738 1548 2776 καὶ
1574 2736 1657 2787 μεθ’

138 2802 274 2840 ὅπλων
295 2802 491 2842 κατιόντες
513 2801 569 2851 (οἱ
591 2801 634 2838 ἐν
663 2799 858 2849 Πειραιεῖ)
884 2797 1019 2837 αὐτοὺς
1046 2795 1133 2836 τοὺς
1160 2793 1404 2834 αἰτιωτάτους
1432 2796 1508 2832 τῶν
1536 2795 1661 2832 κακῶν

139 2857 360 2901 ἀνελόντες,
385 2857 481 2896 οὕτω
501 2857 548 2894 τὰ
569 2854 662 2905 πρὸς
683 2853 882 2902 ἀλλήλους
913 2855 1037 2892 καλῶς
1059 2851 1119 2889 καὶ
1142 2851 1307 2899 νομίμως
1329 2847 1533 2902 διῴκησαν,
1558 2849 1660 2886 ὥστε

139 2913 259 2963 μηδὲν
280 2912 445 2952 ἔλαττον
473 2911 580 2964 ἔχειν
601 2911 686 2952 τοὺς
712 2910 958 2959 ἐκβαλόντας
986 2911 1062 2947 τῶν
1089 2907 1370 2946 κατελθόντων.
1421 2903 1479 2943 i*O
1502 2907 1544 2944 δε
1564 2903 1660 2943 πάν-
