1997 3256
299 140 382 180 600
599 139 688 178 FB.
713 139 765 177 A.
790 135 1018 176 WOLFII
1051 131 1509 174 PROLEGOMENA

301 257 539 298 quanquam
578 241 712 281 rarius
753 246 795 280 et
835 239 966 278 multo
1007 237 1191 277 crebrius
1230 237 1272 276 in
1316 236 1405 276 aliis
1445 235 1569 289 hujus
1616 233 1813 280 auctoris,

300 299 469 340 eaedem
510 297 685 337 subinde
726 294 898 335 diversis
938 294 980 333 in
1018 293 1119 332 locis
1159 292 1392 332 sententiae
1430 295 1723 331 resumuntur:
1771 289 1813 328 id

232 360 287 399 50
301 355 411 408 quod
443 353 620 392 miretur
652 351 800 404 aliquis
831 364 913 403 qua
944 349 1108 389 ratione
1140 362 1262 388 aures
1291 347 1609 387 Atheniensium
1639 344 1815 386 tulerint

299 416 389 450 tam
428 408 680 448 fastidiosae.
743 406 825 446 Sed
865 420 941 459 ego
978 404 1035 444 sic
1072 403 1238 443 omnino
1274 407 1429 450 statuo,
1465 402 1587 442 aliter
1626 401 1816 442 oratione

300 465 408 506 affici
438 465 656 518 legentem,
685 463 808 503 aliter
837 460 1088 502 audientem.
1149 458 1355 498 Nimirum
1382 459 1572 506 alterum,
1602 458 1667 498 cui
1695 462 1817 497 vacat

301 521 436 575 prima
475 534 569 560 cum
607 519 765 565 mediis,
806 517 945 557 media
984 530 1078 555 cum
1118 514 1316 555 extremis
1356 514 1554 562 conferre,
1595 513 1817 567 omniaque

302 591 442 617 secum
477 575 705 629 composite
740 574 960 621 revolvere.
998 571 1093 612 talis
1128 585 1195 610 res
1231 569 1518 610 suboffendere
1552 574 1720 623 potest3
1761 568 1817 608 al-

302 638 452 680 terum,
477 631 546 686 qui
568 631 740 671 incitate
761 644 927 669 cursum
947 626 1188 681 praeeuntis
1217 626 1418 680 sequitur,
1440 639 1524 664 non
1544 630 1711 678 potest3
1746 624 1818 664 sed

236 693 286 732 51
304 689 409 729 latet
440 702 546 736 eum7
575 692 661 735 aut,
693 687 725 725 si
757 685 893 724 minus
924 685 1040 732 latet.
1074 683 1202 723 etiam
1228 683 1361 735 juvat.
1423 679 1532 731 Quin
1562 681 1672 734 apud
1703 680 1819 720 audi-

304 750 434 790 tores,
466 743 606 796 quales
638 741 817 782 Athenis
848 741 932 780 sere
964 744 1116 785 essent7
1148 738 1189 777 in
1220 739 1309 778 foro
1340 742 1469 790 atque
1499 736 1541 775 in
1567 736 1746 789 judiciis,
1778 736 1822 776 id

306 805 382 848 est,
416 798 603 838 homines
636 798 738 837 mire
774 797 883 836 inter
916 811 958 836 se
994 795 1171 849 ingenio,
1206 794 1390 833 moribus
1423 797 1467 832 et·
1499 792 1650 845 peritia
1682 806 1822 831 rerum

308 856 505 908 dispares7
529 869 652 907 saepe
681 854 785 893 adeo
815 866 917 906 opus
943 866 1032 891 esse
1056 850 1196 904 potuit
1222 848 1465 904 gravissima
1490 853 1703 888 momenta
1723 847 1824 888 rati-

308 925 434 951 onum
474 910 622 950 animis
659 916 701 949 et
737 907 961 948 memoriae
1001 906 1226 960 impensius
1266 904 1472 945 inculcare
1509 909 1551 944 et
1586 904 1664 943 hoc
1698 908 1823 957 pacto

309 966 607 1021 negligentium
659 979 822 1018 quoque
861 978 909 1004 ac
953 962 1249 1002 reluctantium
1298 975 1513 1000 assensum
1563 964 1823 1012 extorquere.

312 1023 390 1073 Qui
426 1037 502 1075 pro
542 1021 737 1061 concione
773 1020 829 1060 ibi
866 1019 1061 1058 voluisset
1099 1017 1383 1070 Thucydidius
1420 1030 1520 1065 esse7
1557 1030 1635 1056 nae
1674 1015 1731 1055 illi
1766 1015 1825 1054 in-

311 1078 603 1130 tempestivum
640 1077 824 1116 studium
860 1090 1012 1128 magno
1048 1073 1269 1114 stetissett.
1332 1072 1506 1118 Verum„
1542 1077 1590 1112 ut
1623 1071 1723 1119 dixi,
1758 1071 1825 1110 hic

311 1134 423 1173 haud
459 1133 577 1172 facile
608 1133 691 1172 ulla
726 1131 935 1171 sententia
969 1131 1165 1180 iteratur,
1194 1143 1318 1182 quam
1354 1142 1437 1167 non
1471 1127 1552 1167 alio
1584 1133 1712 1180 atque
1744 1126 1826 1166 alio

312 1189 446 1229 colore
484 1189 697 1228 inductam
732 1186 931 1227 novitatis
968 1186 1172 1240 quaedam
1212 1184 1368 1238 species
1409 1183 1681 1223 commendet.
1745 1182 1827 1222 Sed

312 1246 415 1285 haec
445 1250 485 1284 et
514 1244 577 1283 his
609 1243 757 1284 similia
786 1243 959 1296 quilibet
991 1242 1078 1282 sine
1105 1241 1187 1281 ulla
1218 1240 1410 1280 doctrina
1440 1239 1623 1294 invenire
1653 1239 1827 1293 legendo

314 1306 357 1341 et
397 1300 636 1340 existimare
682 1300 872 1353 poterit:
923 1313 998 1338 nos
1038 1311 1212 1352 agamus
1252 1297 1310 1344 id,
1350 1296 1460 1349 quod
1510 1294 1725 1348 proprium
1765 1299 1830 1334 est

315 1356 602 1403 Grammatici,
639 1362 685 1396 ut
725 1354 870 1395 lectori
907 1355 1016 1394 viam
1056 1353 1292 1407 aperiamus
1332 1352 1387 1392 ad
1427 1365 1627 1401 caussam,
1651 1351 1693 1390 in
1747 1365 1829 1404 qua

316 1412 452 1452 oratio
480 1412 624 1452 habita
651 1416 727 1459 est⁷
755 1410 1096 1465 cognoscendam.

376 1468 429 1515 Is,
468 1482 590 1521 quem
625 1472 768 1507 noster
803 1467 843 1505 in
880 1481 928 1506 ea
966 1465 1247 1505 adversarium
1284 1464 1423 1509 habet.
1463 1463 1662 1517 Leptines
1697 1463 1830 1516 legem

249 1528 304 1567 52
318 1523 471 1564 tulerat
514 1523 706 1569 Athenis.
744 1529 791 1562 ut
833 1537 935 1575 quas
975 1521 1259 1560 immunitates
1300 1519 1468 1559 honoris
1509 1534 1655 1559 caussa
1695 1519 1831 1558 adhuc

318 1581 423 1620 bene
453 1579 613 1619 meritis
643 1578 799 1617 civibus
830 1577 999 1617 concedi
1029 1577 1231 1616 usitatum
1260 1581 1380 1621 essct.
1408 1590 1482 1615 eae
1513 1575 1671 1629 pariter
1703 1575 1831 1614 omni-

318 1636 408 1683 bus,
443 1635 511 1687 qui
545 1648 615 1674 eas
650 1633 922 1687 accepissent,
959 1633 1244 1673 adimerentur
1279 1638 1319 1672 et
1356 1632 1477 1684 plane
1512 1631 1759 1671 tollerentur
1790 1630 1832 1670 in

320 1691 524 1744 reliquum
545 1696 723 1743 tempus.
784 1690 812 1728 ,J
816 1705 883 1729 am
905 1703 1030 1742 quum
1056 1688 1096 1727 in
1123 1688 1191 1728 illa
1220 1688 1378 1741 republ.
1400 1687 1548 1740 cuique
1575 1687 1717 1727 liceret
1742 1701 1833 1740 per-

320 1747 432 1786 latae
467 1761 515 1786 ac
547 1746 710 1799 publice
746 1746 854 1785 fixae
886 1745 988 1799 legis
1024 1745 1199 1784 latorem
1236 1758 1353 1783 reum
1386 1757 1521 1797 agere,
1554 1743 1678 1783 modo
1710 1750 1759 1783 ut-
1792 1743 1834 1782 id

322 1802 435 1842 intra
466 1816 558 1841 eum
590 1816 744 1841 annum
775 1802 906 1847 fieret,
940 1815 1020 1854 quo
1052 1799 1216 1853 rogatio
1247 1807 1355 1839 esset
1387 1800 1679 1853 1·›r01nulg.¹1ta;
1717 1813 1834 1838 accu-

322 1858 428 1898 savit
468 1858 528 1897 ita
569 1857 682 1896 illum
723 1857 959 1910 Bathippus
1001 1856 1180 1908 quidam,
1224 1855 1577 1908 subscriptoribus
1624 1855 1785 1894 duobus
1802 1864 1834 1894 U.

325 1913 652 1966 Subscriptionis
684 1913 792 1952 enim
819 1927 920 1959 mos,
949 1927 1070 1965 quem
1102 1916 1268 1951 constat
1295 1911 1453 1950 Romae
1484 1911 1625 1958 fuisse,
1655 1911 1763 1950 idem
1794 1911 1835 1950 in

325 1969 472 2009 Attico
494 1971 582 2008 foro
603 1969 745 2022 viguit.
810 1968 891 2008 Sed
913 1968 1125 2021 Bathippo
1146 1972 1312 2007 mortuo
1337 1972 1448 2013 ante,
1473 1982 1598 2021 qua-m
1619 1982 1667 2006 ea
1689 1981 1838 2007 caussa

326 2025 367 2064 in
394 2024 596 2077 judicium
627 2025 807 2063 deducta
844 2029 964 2071 esset,
999 2038 1125 2076 quum
1155 2023 1300 2076 reliqui
1335 2023 1571 2074 (incertum.
1604 2028 1753 2076 sponte
1783 2038 1837 2062 au

327 2080 496 2119 consilio
530 2079 736 2132 Leptinis)
769 2080 822 2119 ab
858 2079 1126 2118 accusatione
1159 2078 1437 2126 destitissent,
1470 2079 1539 2118 alii
1576 2079 1657 2118 duo
1690 2084 1838 2132 postea

327 2135 554 2187 aliquanto,
578 2140 691 2174 certe
715 2149 824 2174 anno
849 2134 916 2173 illo
945 2135 1099 2187 elapso,
1122 2134 1256 2173 exorti
1287 2140 1394 2181 sunt,
1419 2134 1487 2187 qui
1513 2135 1615 2188 legis
1636 2140 1838 2187 tanquam

329 2190 501 2230 vitiosae
536 2195 577 2229 et
614 2190 867 2243 perniciosae
907 2189 1224 2243 abrogationem
1260 2196 1580 2229 commoverent.
1656 2190 1720 2229 Illi
1756 2190 1838 2230 duo

330 2246 499 2286 fuerunt
530 2245 753 2299 Aphcpsio,
783 2245 890 2284 filius
919 2245 1131 2299 Bathippi,
1162 2253 1204 2285 et
1238 2245 1474 2299 Ctesippus‚
1497 2246 1715 2293 Chabriae,
1738 2246 1837 2286 clari

332 2391 376 2427 τῷ
402 2391 458 2425 τῆς
485 2390 580 2429 ἀξίας,
608 2390 675 2420 εἶτα
701 2392 745 2428 τῷ
773 2393 870 2429 καλῷ,
894 2390 961 2420 εἶτα
987 2393 1051 2421 τοῖς

1121 2392 1298 2422 mosthenes
1319 2393 1534 2431 descripserat,
1554 2394 1579 2422 si
1601 2403 1674 2422 vera
1698 2394 1841 2424 narravit

334 2434 452 2463 λοιποῖς
475 2445 501 2462 κ.
520 2445 550 2462 τ.
567 2440 598 2463 λ.
640 2434 759 2463 Locum
777 2434 838 2463 hue
855 2434 1050 2473 transscripsi

1122 2434 1255 2463 Lucian.
1292 2435 1363 2463 adv.
1396 2435 1518 2465 Indoct.
1557 2435 1616 2466 vol.
1646 2445 1675 2473 3.
1707 2446 1737 2475 p.
1769 2445 1837 2465 102.

334 2481 460 2513 propter
483 2475 544 2512 illa,
567 2486 646 2515 quac
671 2476 764 2506 habet
787 2477 824 2505 ‹le
847 2486 961 2514 genere
984 2487 1052 2505 ora-

335 2517 428 2547 tionis
446 2524 578 2547 nostrae.
605 2518 691 2547 Haec
708 2525 813 2547 autem
830 2528 866 2548 eo
882 2519 1052 2557 pertinent,

335 2561 416 2597 quod
434 2567 550 2590 veteres
573 2560 713 2599 magistri
737 2560 876 2599 singulas
897 2561 1052 2590 orationes

335 2602 366 2629 in
389 2601 513 2640 aliquod
534 2603 649 2631 horum
670 2602 767 2632 trium
788 2612 952 2640 generum,
974 2603 1051 2632 deli-

336 2644 477 2679 berativi,
490 2644 646 2682 judicialis
662 2652 693 2674 et
711 2645 875 2682 epidictici‚
893 2644 1053 2674 includere

336 2685 485 2715 solebant.
532 2687 638 2723 Quam
667 2687 698 2715 id
726 2686 910 2725 plerumque
936 2694 1052 2716 temere

336 2733 368 2756 et
398 2738 506 2765 parum
539 2729 657 2758 utiliter
687 2729 804 2758 factum
836 2730 887 2765 sit,
919 2735 1051 2766 constat,

337 2769 430 2797 etiam
446 2780 484 2798 cx
501 2769 557 2800 hoc
573 2770 646 2801 loco.
688 2771 776 2800 Nihil
793 2781 866 2810 ergo
882 2772 941 2801 ista
957 2781 1050 2810 quae-

338 2810 396 2839 stio
411 2812 447 2839 ad
466 2822 530 2840 nos.

381 2852 392 2872 ¹*
409 2852 500 2881 Cous.
518 2854 675 2883 Ciceronis
692 2855 783 2885 Brut.
801 2866 825 2883 c.
845 2856 893 2893 83.
912 2861 942 2885 et
960 2855 1051 2885 Orat.

339 2903 363 2922 c.
389 2903 418 2932 9.
464 2895 509 2924 At
533 2896 624 2925 octies
651 2897 869 2937 'I'liucydislem
898 2898 961 2936 ipse
990 2897 1051 2927 De-

1121 2476 1211 2505 ('ons.
1240 2477 1399 2515 Agathiae
1427 2477 1509 2507 Hist.
1539 2488 1567 2507 2.
1596 2489 1623 2517 p.
1650 2477 1700 2515 48.
1727 2478 1838 2508 Venet.

1121 2519 1282 2548 Nimirum
1310 2519 1342 2548 in
1370 2521 1493 2559 magnis
1524 2520 1726 2559 scriptoribus
1753 2520 1839 2550 aliud

1120 2560 1194 2599 legit
1224 2561 1318 2590 homo
1347 2562 1540 2600 ingeniosus,
1567 2563 1693 2592 illorum
1721 2562 1840 2600 similis,

1120 2603 1204 2631 aliud
1223 2613 1313 2632 serva
1329 2604 1415 2633 natio
1430 2605 1636 2634 imitatorum.
1674 2605 1710 2634 Id
1727 2606 1840 2635 docent

1120 2655 1190 2674 rara
1212 2646 1243 2674 111
1270 2646 1480 2676 Demosthene
1502 2647 1632 2686 vestigia
1655 2647 1840 2677 imitationis

1121 2687 1351 2726 Thurydidiae.
1386 2689 1491 2726 [Cous.
1509 2688 1711 2719 Valckenarii
1734 2689 1839 2718 Diatr.

1121 2730 1231 2767 Eurip.
1260 2740 1290 2768 p.
1321 2738 1380 2768 217
1410 2731 1448 2759 B.
1480 2738 1510 2760 et
1542 2731 1703 2760 Phalarid.
1735 2742 1765 2770 p.
1791 2731 1838 2760 18.

1120 2772 1389 2810 SCHAEFER.]

1162 2819 1181 2835 u
1210 2814 1282 2843 vid.
1312 2814 1405 2845 Orat.
1432 2825 1463 2853 p.
1490 2823 1562 2852 501,
1593 2814 1611 2844 8
1639 2820 1670 2844 et
1697 2825 1780 2854 seqq.
1807 2822 1839 2845 et

1121 2857 1253 2895 Argum.
1282 2857 1392 2887 Graec.
1439 2857 1498 2886 Sed
1529 2867 1686 2896 nusquam
1714 2857 1839 2888 illorum

1119 2899 1252 2928 duorum
1272 2900 1401 2929 nomina
1420 2900 1579 2939 leguntur.
