1997 3256
463 134 782 178 ADVERSUS
818 137 1311 180 ARISTOGITONEM
1346 141 1403 180 ΙΙ.
1552 144 1661 182 1043

211 239 304 287 802,
331 252 394 280 20.
418 240 437 279 δ
462 241 522 280 καὶ
544 242 785 296 δεινότατον]
822 243 872 281 V.
896 245 949 284 ad
972 259 1009 297 p.
1036 255 1129 298 779‚
1151 258 1211 298 13.

210 295 304 343 802,
330 307 393 335 21.
418 297 655 351 συμβαῖνον]
689 300 722 338 εἰ
742 301 963 348 συμβαίνοι.
1016 300 1263 341 SCHAEF.

210 351 303 399 802,
329 364 393 392 22.
425 352 588 407 δωρεᾶς]
624 353 676 393 V.
700 369 738 408 p.
763 356 856 404 801,
879 367 915 406 7.
940 363 981 396 ot
1004 357 1097 399 806,
1123 368 1182 407 17.
1227 356 1425 397 REISK.
1499 357 1600 396 Mox
1624 372 1658 397 v.

154 417 219 459 27.
241 407 394 448 dicitur
416 410 573 458 ἐξουσία
594 413 660 449 τοῦ
681 416 933 461 παρανομεῖν.
979 412 1228 452 SCHAEF.

209 463 306 516 803,
327 477 385 517 13.
409 465 471 515 ἐφ”
488 466 543 506 οἶς
564 467 600 505 οἱ
622 467 730 516 νόμοι
753 485 784 505 κ.
808 484 840 506 τ.
863 469 918 520 λ.]
956 467 1039 506 Illis
1070 468 1110 507 in
1141 468 1312 515 caussis,
1345 468 1386 507 in
1416 468 1564 522 quibus
1595 469 1658 509 lex

150 519 303 559 statuit
330 526 376 560 ut
402 520 452 567 ei,
475 521 542 573 qui
567 536 714 562 caussa
741 522 933 562 ceciderit
966 537 1016 563 nc
1039 523 1226 576 quintam
1249 524 1414 577 quidem
1446 524 1660 579 suffragio-

150 589 242 614 rum
263 581 429 629 partem
450 577 640 630 adeptus,
663 578 703 617 in
726 584 939 631 posterum
971 593 1022 618 ne
1053 579 1177 619 liceat
1202 579 1367 620 actione
1397 580 1563 633 publica
1587 581 1660 621 ali-

150 645 271 684 quem
293 632 501 673 insectari.
545 633 738 674 REISK.

210 688 306 741 803,
331 700 395 741 27.
419 689 590 742 ἔγραψε]
631 690 739 729 Vide
761 694 909 730 notata
934 690 988 730 ad
1017 690 1180 730 initium
1201 691 1400 731 orationis
1425 691 1602 745 Lycurgi
1624 705 1659 731 c.

153 743 413 785 Leocratem.
480 745 603 785 Hanc
636 746 895 800 rogationem
932 752 1137 786 memorat
1172 752 1215 787 et
1250 746 1451 799 judicium
1491 751 1663 801 propter

150 813 242 840 eam
278 801 331 840 ab
364 801 657 855 Aristogitone
691 801 931 842 institutum
961 801 1211 842 Plutarchus
1243 802 1284 841 in
1308 802 1412 842 Vita
1438 803 1664 857 Hyperidis

147 870 187 909 p.
212 856 293 910 849
318 856 379 896 F:
415 858 552 907 κριθεὶς
574 856 603 897 δ’
622 858 696 897 ὑπὸ
713 857 1049 909 Ἀριστογείτονος
1079 859 1315 908 παρανόμων
1337 859 1399 898 ἐπὶ
1429 860 1480 913 τῷ
1511 859 1664 910 γράψαι

147 914 246 962 μετὰ
271 913 791 965 Χαιρώνειαν-ἀπέφυγεν.
837 913 1074 963 αἰτιωμένων
1102 914 1145 953 δέ
1176 931 1291 953 τινων
1321 915 1437 954 αὐτὸν
1470 916 1519 957 ὡς
1553 932 1663 966 παρι-

148 969 266 1008 δόντα
290 970 464 1011 πολλοὺς
489 971 629 1018 νόμους
657 970 700 1009 ἐν
721 972 770 1023 τῷ
794 971 1031 1020 ψηφίσματι,
1056 970 1158 1019 εἰμὴ
1181 971 1395 1017 ἐπεσκότει,
1420 971 1508 1021 ἔφη,
1531 988 1596 1020 μοι
1618 973 1663 1010 τὰ

150 1026 390 1065 Μακεδόνων
418 1026 536 1072 ὅπλα,
569 1026 636 1064 οὐκ
669 1026 744 1076 ἐγὼ
774 1025 817 1064 τὸ
848 1025 1038 1076 ψήφισμα
1071 1026 1244 1077 ἔγραψα,
1269 1027 1291 1075 ἡ
1320 1026 1350 1066 δ’
1374 1028 1416 1066 ἐν
1446 1029 1664 1080 Χαιρωνείᾳ

147 1080 266 1132 μάχη.
329 1080 526 1121 Similiter
546 1080 759 1135 Longinus
783 1082 819 1135 ⁹9.
842 1094 904 1134 15.
926 1082 975 1123 ὡς
998 1082 1042 1131 νὴ
1060 1084 1137 1121 Δία
1160 1083 1221 1121 καὶ
1242 1083 1262 1121 ὁ
1277 1081 1480 1133 (Ὑπερίδης
1502 1100 1663 1134 κατηγο-

146 1137 344 1187 ρούμενος,
369 1137 500 1187 ἐπειδὴ
527 1137 612 1179 τοὺς
640 1138 801 1179 δούλους
824 1139 922 1187 μετὰ
943 1137 1012 1187 τὴν
1032 1137 1152 1187 ἧτταν
1174 1137 1399 1190 ἐλευθέρους
1421 1139 1661 1190 ἐψηφίσατο,

149 1192 270 1241 εἶπεν,
293 1194 365 1246 οὐχ
390 1195 410 1233 ὁ
438 1193 561 1245 ῥήτωρ
584 1194 771 1245 ἔγραψεν,
795 1192 884 1233 ἀλλ’
902 1194 925 1243 ἡ
946 1195 988 1233 ἐν
1010 1194 1228 1248 Χαιρωνείᾳ
1249 1194 1366 1247 μάχη.
1402 1194 1661 1235 TAYLOR.

151 1248 205 1287 V.
229 1248 467 1290 Boehneck.
490 1249 660 1301 Quaest.
677 1249 755 1289 vol.
780 1262 812 1288 1.
836 1264 874 1303 p.
895 1262 992 1302 545.

207 1305 304 1357 804,
333 1308 371 1345 6.
402 1308 498 1357 ὑπὲρ
531 1306 679 1346 abesse
714 1304 866 1346 malim.
905 1304 1098 1345 REISK.
1170 1305 1276 1345 Mihi
1312 1305 1438 1346 etiam
1474 1305 1664 1360 displicet

147 1362 244 1412 ὑπὲρ
263 1362 507 1402 damnatum
528 1362 581 1402 ab
602 1361 693 1415 ipsa
713 1360 887 1401 membri
910 1361 1092 1416 oppositi
1114 1361 1373 1402 concinnate.
1416 1362 1661 1402 SOHAEF.

207 1418 301 1472 805,
326 1419 364 1458 6.
393 1420 510 1460 οὕτως
538 1417 717 1471 ἔχουσιν]
752 1417 880 1458 Valet
911 1417 1020 1457 idem
1048 1418 1158 1471 quod
1189 1417 1287 1458 alibi
1318 1417 1478 1471 plenius
1509 1418 1664 1458 dicitur

148 1474 267 1516 οὕτως
287 1475 424 1527 ἔχουσι
444 1475 609 1525 γνώμης.
643 1473 894 1515 SCHAEF.
957 1474 1017 1514 Cf.
1040 1488 1078 1527 p.
1104 1474 1198 1521 806,
1224 1475 1288 1513 28.

207 1530 301 1584 805,
327 1544 387 1581 ι4.
413 1531 596 1583 αἰτιᾶται]
639 1530 751 1570 Libri
779 1529 939 1584 aliquot
965 1529 1109 1585 ᾐτιᾶτο.
1172 1530 1328 1584 Aptius
1357 1533 1535 1583 utroque
1556 1530 1662 1571 vide-

147 1590 218 1625 tur
239 1587 690 1640 plusquampeffectum
710 1585 856 1641 ᾐτίατο.

208 1642 303 1696 805,
328 1656 392 1685 21.
425 1645 530 1693 παρὰ
559 1642 629 1692 τὴν
660 1642 780 1694 ὀργὴν
811 1643 915 1691 ὑμῶν
945 1644 992 1682 τὰ
1022 1642 1255 1691 βουλήματα
1285 1641 1445 1696 λαβών]
1491 1643 1664 1691 Vestras,

147 1698 243 1739 dum
263 1700 330 1739 ira
340 1699 519 1752 fervetis,
542 1698 726 1739 libidines
746 1698 959 1751 arripiens.
1002 1697 1254 1738 SOHAEF.

205 1759 285 1797 τοῖς
308 1759 451 1806 καιροῖς
472 1753 733 1807 ἐναντιοῦται]
759 1753 944 1794 Subaudi
967 1758 1047 1795 τοῖς
1068 1754 1112 1808 τῇ
1130 1755 1245 1794 πόλει
1267 1754 1550 1805 συμφέρουσιν,
1568 1756 1665 1795 ἑτοί-

146 1828 233 1860 μοις
262 1811 516 1863 ὑπάρχουσιν.
558 1809 831 1865 praesentibus
865 1809 1224 1863 opportunitatibus
1256 1808 1344 1849 bone
1376 1810 1422 1849 de
1457 1810 1561 1851 robis
1590 1826 1664 1851 me-

147 1867 274 1907 rendi.
317 1866 510 1906 REISK.

206 1924 300 1976 805,
326 1924 390 1963 28.
423 1923 582 1976 ἐλέγχει
609 1925 655 1962 τὰ
681 1924 877 1974 ἀπόρρητα
908 1925 972 1971 τῆς
1002 1922 1218 1975 πολιτείας]
1258 1921 1481 1976 Significat
1513 1923 1664 1963 nudum

146 1979 246 2034 reip.
269 1979 374 2020 tatus
399 1979 544 2031 aperit,
566 1979 740 2019 denudat
769 1979 851 2032 ejus
882 1978 1048 2018 vulnera
1074 1978 1246 2032 coyitque
1270 1993 1356 2018 eam
1385 1978 1533 2019 morbos
1556 1979 1664 2019 clan-

145 2035 325 2083 destinos,
352 2049 446 2088 quos
476 2035 550 2076 illa
580 2034 805 2075 adhucdum
836 2034 1010 2075 decenter
1036 2035 1309 2088 sapienterque
1339 2035 1544 2083 celaverat,
1567 2049 1664 2089 pro-

145 2092 249 2133 dere.
312 2091 392 2132 Est-
427 2096 569 2132 autem
605 2091 646 2130 in
682 2090 837 2131 morbis
871 2090 971 2143 reip.
995 2091 1056 2130 vel
1089 2090 1346 2144 gravissimis
1381 2090 1664 2132 inconstantia

147 2148 425 2189 decretorum.
465 2147 659 2188 REISK.

212 2205 306 2253 806,
338 2218 377 2258 3.
412 2207 459 2244 τὰ
499 2203 715 2256 λεγόμενα]
779 2203 895 2253 Quae
940 2203 992 2242 ab
1038 2202 1129 2242 aliis
1173 2202 1410 2243 oratoribus
1454 2202 1663 2244 dicuntur.

149 2260 407 2301 SOHAEF.

205 2317 300 2363 806,
333 2330 372 2370 5.
406 2319 453 2356 τὰ
485 2314 718 2369 γιγνόμενα]
761 2318 808 2355 τὰ
844 2320 957 2354 recte
992 2315 1138 2354 abesse
1168 2313 1333 2354 videtur
1368 2329 1393 2354 a
1429 2313 1546 2354 libris
1577 2315 1664 2368 qui-

147 2373 336 2413 busdam.
400 2373 518 2412 Haec
548 2371 696 2426 probro
732 2377 824 2411 sunt
859 2370 1027 2418 civitati,
1064 2369 1223 2423 quamdo
1259 2370 1303 2409 in
1336 2376 1512 2423 squyostu
1541 2372 1663 2422 fiunt.

149 2429 405 2470 SOHAEF.

206 2486 301 2534 806,
327 2499 386 2526 10.
411 2484 606 2539 ἐπιτιμᾶν]
638 2483 806 2538 Olynth.
834 2483 866 2522 I.
891 2498 929 2536 p.
954 2495 1017 2535 13‚
1039 2484 1103 2521 26.
1126 2482 1170 2520 τὸ
1190 2483 1263 2531 μὲν
1285 2482 1353 2521 οὖν
1375 2483 1551 2532 ἐπιτιμᾶν
1573 2484 1665 2524 ἴσως

147 2542 275 2593 φήσαι
296 2558 351 2583 τις
373 2541 421 2581 ἂν
437 2539 572 2593 ῥᾴδιον
594 2541 655 2579 καὶ
676 2539 818 2581 παντὸς
841 2539 952 2578 εἶναι.
997 2538 1167 2577 DOBR.

206 2598 300 2645 806,
326 2609 390 2637 20.
421 2595 754 2648 ὁμολογουμέναις
784 2599 897 2635 recte
929 2594 1162 2648 praelatum
1195 2593 1448 2633 deteriorum
1479 2594 1598 2633 codd.
1622 2599 1665 2633 et

148 2659 335 2694 veterum
356 2652 584 2693 editionum
606 2651 836 2704 scripturae
857 2652 1109 2700 μελλούσαις.
1155 2649 1246 2699 Quo
1267 2649 1421 2689 certior
1441 2649 1549 2688 enim
1571 2664 1666 2702 spes

148 2709 245 2749 olim
273 2710 386 2749 facta
411 2713 515 2755 erat,
539 2722 587 2747 eo
618 2707 750 2760 magis
777 2707 830 2746 ab
860 2705 1037 2753 homine,
1061 2705 1130 2758 qui
1162 2705 1288 2744 talem
1319 2718 1434 2758 spem
1456 2705 1664 2752 destituit,

148 2779 258 2805 nunc
279 2765 508 2805 cavendum
529 2769 606 2804 est.
649 2763 906 2803 SUHAEF.

207 2822 301 2869 806,
328 2832 391 2874 27.
415 2817 891 2871 θαυμάζω-ἐπιτρέπειν]
930 2817 1136 2856 Isocrates
1165 2816 1215 2855 de
1245 2829 1347 2868 pace
1369 2831 1408 2869 p.
1435 2826 1511 2868 170
1537 2816 1587 2855 A.
1610 2817 1663 2856 ab

150 2877 346 2917 Dobraeo
398 2880 677 2929 comparatus⁹
719 2875 1048 2923 προσποιούμενοι
1089 2872 1312 2922 σοφώτατοι
1351 2875 1426 2911 τῶν
1455 2872 1665 2921 Ἑλλήνων

150 2933 250 2972 εἶναι
271 2934 455 2975 τοιούτοις
482 2933 663 2983 χρώμεθα
685 2930 924 2979 συμβούλοις
950 2930 1002 2968 ὧν
1024 2929 1091 2967 οὐκ
1120 2928 1226 2967 ἔστιν
1248 2928 1355 2968 ὅστις
1387 2927 1453 2967 οὐκ
1482 2927 1530 2967 ἂν
1553 2944 1665 2967 κατα-
