1997 3256
518 169 843 209 ADVERSUS
877 168 1206 208 LEPTINEM.
1536 165 1620 210 697

105 289 199 315 nem
219 279 384 314 mutata
405 274 551 314 leviter
568 273 836 314 distinctione
852 273 1004 327 adjuvi.
1054 273 1082 312 J
1087 287 1153 312 am
1172 273 1322 326 junges
1340 288 1347 311 :
1381 272 1439 310 ὅτι
1460 271 1503 310 τὸ
1524 271 1620 310 πάν-

105 348 173 372 τας
201 331 286 372 τοὺς
314 334 390 370 τῶν
412 334 549 369 κοινῶν
571 332 719 381 κυρίους
751 331 858 382 ἔχειν
882 332 972 369 ἴσον
994 329 1186 378 ἀλλήλοις
1216 332 1323 368 ποιεῖ
1351 329 1532 377 ὁμονοεῖν
1553 329 1621 368 τὰς

106 389 168 426 διὰ
199 390 275 425 τῶν
306 388 453 436 ὀλίγων
484 387 694 427 πολιτείας.
759 386 844 425 Ubi
880 385 1058 431 notabis,
1093 384 1318 424 maximum
1358 384 1512 422 bomun
1549 383 1620 421 oli-

104 441 285 496 garchiis
316 441 443 481 tribui
476 442 741 481 concordiam
773 442 882 482 inter
912 441 1151 494 optimates.
1177 454 1270 479 cum
1291 439 1491 479 servitute
1514 448 1621 478 cote-

106 512 246 537 rorum
269 497 450 537 omniun]
474 499 558 537 fere
581 498 861 549 conjunctam.
885 503 928 537 et
956 497 1050 536 huic
1080 496 1292 549 splendide
1314 495 1465 548 opponi
1491 494 1621 534 Athe-

106 553 310 593 niensium
331 553 582 593 libertatem.
646 554 709 593 De
730 556 863 593 forma
882 554 1117 606 Spartanae
1139 552 1237 604 reip.
1262 551 1445 604 protrita
1468 550 1621 590 omnia.

106 609 437 649 Atheniensibus
455 624 582 662 quum
603 624 652 649 ea
669 609 880 649 videretur
898 608 1019 661 vulgo
1041 622 1130 647 esse
1153 609 1377 657 ὀλιγαρχία,
1396 606 1473 658 ipsi
1494 606 1622 645 Lace-

107 665 312 705 daemonii
334 665 519 718 gratiore
536 666 735 705 vocabulo
758 666 1055 715 ἀριστοκρατίαν
1077 663 1213 702 dicere
1235 662 1462 701 malebant.
1510 662 1623 701 Vere

107 721 240 761 mixta
276 726 365 761 erat
401 726 441 761 et
475 721 701 774 antiquiori
733 721 948 760 Romanae
983 718 1137 766 similis,
1171 722 1218 757 ut
1250 718 1355 756 bene
1391 717 1625 756 Menander

108 777 251 816 scribit
290 777 340 815 do
375 777 547 817 Eneom.
577 791 615 830 3„
644 791 672 816 1.
737 777 930 816 Ceterum
965 775 1069 814 conf.
1097 788 1191 813 eum
1231 773 1308 812 hoc
1347 772 1438 811 loco
1478 777 1624 812 nostro

110 833 422 886 Thucydideum
458 846 491 880 2,
515 845 582 885 37.
627 834 676 872 F.
700 834 753 871 A.
781 831 970 870 WOLF.
1046 830 1094 868 ln
1134 829 1358 868 Reiskiana
1400 828 1457 867 sic
1497 828 1623 868 inter-

109 894 334 942 punetum:
369 892 437 930 τὰς
464 891 536 938 μὲν
558 891 619 927 διὰ
647 893 722 927 τῶν
749 889 897 939 ὀλίγων
922 887 1132 931 πολιτείας,
1156 886 1198 924 τὸ
1227 884 1375 925 πάντας
1404 885 1510 936 ἔχειν
1536 886 1626 923 ἴσον

110 945 313 994 ἀλλήλοις,
350 945 435 985 τοὺς
471 948 546 983 τῶν
580 948 717 983 κοινῶν
753 944 900 995 κυρίους
936 944 1117 993 ὁμονοεῖν
1148 945 1262 980 ποιεῖ.
1334 940 1493 979 boletis
1529 940 1624 979 sub-

111 999 464 1044 distinctionibus.
487 1005 535 1039 ut
557 1001 793 1054 oportebat,
816 999 951 1038 locum
973 997 1225 1037 continuavi.
1268 996 1521 1036 SCHAEF.

167 1070 264 1107 490,
288 1069 326 1109 3.
352 1056 524 1109 ἑαυτοὺς]
557 1056 766 1104 ἀλλήλους.
811 1054 1061 1095 SOHAEF.

167 1125 263 1163 490,
285 1125 326 1164 5.
359 1113 736 1166 μεῖζον-πονηρίᾳ]
772 1111 884 1150 Hinc
924 1110 1134 1149 Aristides
1171 1109 1224 1148 ad
1260 1108 1539 1148 Athenienses
1575 1108 1626 1147 de

110 1167 280 1206 iisdem:
314 1167 428 1216 (Ὑμῖν
455 1170 764 1218 φιλανθρωπίας,
788 1169 948 1208 ἐκείνοις
980 1165 1009 1205 δ’
1034 1166 1228 1215 ὠμότητος
1259 1165 1470 1215 περίεστιν.
1494 1164 1570 1204 vol.
1594 1178 1624 1203 1.

112 1238 150 1277 p.
173 1238 198 1272 4
202 1236 271 1277 50.
335 1223 393 1263 Et
415 1225 520 1262 conf.
543 1229 677 1263 totam
706 1223 938 1263 l'lataieam
972 1221 1185 1261 Isocratis.
1248 1220 1455 1259 Probrum
1483 1220 1627 1270 ὠμότη-

112 1296 176 1321 τος
207 1279 487 1319 truculentiam
520 1280 670 1319 reddas
704 1294 825 1319 sensu
857 1293 918 1325 eo„
943 1293 1023 1331 quo
1050 1282 1209 1317 veteres
1243 1275 1383 1316 Latini
1415 1277 1626 1316 dixerunt.

111 1335 324 1384 Ἀπήνειαν
356 1335 660 1388 interpretatur
688 1335 868 1388 Apsines
890 1350 929 1388 p.
954 1346 1061 1387 702„
1094 1334 1163 1373 ubi
1197 1332 1319 1385 hujus
1352 1331 1429 1370 loci
1464 1336 1628 1372 senten-

113 1391 216 1431 tiam
238 1393 408 1445 profert,
425 1391 561 1430 verbis
583 1392 770 1431 mutatis.
828 1391 935 1430 Nam
957 1390 1017 1430 ita
1039 1390 1173 1429 solent
1196 1389 1414 1433 Rhetores.
1438 1387 1629 1441 idemque

112 1447 212 1487 facit
245 1447 442 1500 Syl-ianus
475 1447 706 1487 Comment.
733 1447 786 1486 ad
815 1447 1016 1499 Hermog.
1044 1460 1084 1498 p.
1118 1448 1195 1491 ¹28..
1222 1444 1292 1483 ubi
1324 1443 1493 1496 respicit
1521 1448 1627 1484 orat.

115 1508 283 1543 nostrae
312 1518 350 1556 p.
373 1507 470 1554 461.
493 1508 535 1542 et
555 1506 651 1556 489.
713 1503 870 1543 Notum
907 1507 970 1542 est
1001 1502 1051 1541 de
1087 1500 1297 1540 Thebanis
1322 1500 1555 1539 Boeotorum
1586 1500 1630 1539 in

114 1574 243 1599 crasso
263 1563 355 1598 aere
377 1559 492 1604 natis.
516 1574 638 1612 quam
670 1573 818 1613 parum
849 1557 1001 1612 ingenii
1033 1556 1212 1598 acumini
1240 1560 1282 1596 et
1307 1555 1469 1595 artibus
1497 1555 1630 1596 tribu-

115 1615 234 1655 erint.
297 1615 409 1655 Satis
430 1615 551 1655 docet
575 1616 713 1669 Nepos
737 1614 872 1655 Alcib.
897 1629 930 1654 c.
952 1627 1013 1653 11.
1077 1613 1187 1652 Hinc
1214 1611 1369 1665 passim
1393 1612 1630 1661 ἀναισθησία

115 1676 158 1711 et
195 1673 419 1722 ἀναλγησία
454 1685 595 1711 eorum
632 1672 830 1712 traducta
866 1675 908 1710 et
943 1671 1058 1709 ferox
1095 1682 1369 1722 asperumque
1406 1667 1628 1721 ingenium.

117 1728 343 1780 Adjectum
375 1728 530 1767 crimen
564 1730 748 1779 πονηρίας
777 1728 1010 1767 debebatur
1047 1725 1125 1765 illis
1161 1728 1335 1778 propter
1369 1723 1490 1768 mala.
1523 1738 1630 1777 quae

117 1783 213 1823 inde
243 1799 268 1823 a
291 1783 461 1823 Persico
483 1784 589 1823 bello
616 1783 942 1823 Atheniensibus
973 1787 1015 1822 et
1046 1781 1229 1834 reliquae
1252 1779 1452 1820 Graeciae
1483 1780 1630 1820 intule-

116 1844 225 1880 rant.
287 1839 370 1879 Res
391 1844 489 1879 sunt
511 1840 766 1879 notissimae.
811 1839 861 1879 F.
886 1839 939 1878 A.
957 1837 1150 1877 WOLF.

173 1908 272 1946 490,
288 1908 325 1946 7.
347 1895 430 1945 μήτ’
451 1897 520 1935 οὖν
537 1898 682 1936 ἐκεῖνοί
699 1912 792 1935 ποτε
815 1913 845 1934 κ.
865 1912 898 1934 τ,
918 1894 973 1947 λ.]
998 1893 1158 1933 Votum
1179 1897 1244 1932 est
1266 1892 1480 1941 δημοτικόν.
1526 1890 1631 1930 Cum

119 1951 330 2005 Euripidis
354 1951 517 1991 Hecub.
540 1964 635 2004 329.
659 1950 915 2005 comparavit
937 1949 1216 2004 Musgravius.
1251 1949 1300 1986 F.
1326 1948 1378 1986 A.
1398 1946 1589 1986 WOLF.

174 2021 270 2060 490,
302 2021 362 2047 10.
397 2008 442 2047 ὃν
473 2009 616 2058 τρόπον
642 2007 923 2060 Ὀρχομενίους
955 2005 1151 2058 διέθηκαν]
1185 2004 1491 2044 Orchomenum
1524 2002 1631 2041 The-

118 2064 215 2104 bani
256 2068 496 2103 everterunt
538 2063 578 2102 in
619 2063 775 2103 incolas
813 2062 1036 2103 crudeliter
1072 2061 1303 2101 saevientes
1338 2059 1500 2112 Olymp.
1535 2057 1630 2097 circ.

127 2134 214 2171 104,
240 2134 287 2167 1.,
312 2119 372 2159 uti
399 2119 513 2173 prius
543 2121 728 2160 fecerant
760 2119 801 2158 in
832 2119 1103 2159 Plataeenses
1131 2122 1175 2157 et
1197 2115 1486 2169 Thespienses.
1550 2114 1632 2154 Sed

119 2175 219 2215 illud
251 2190 379 2215 unum
404 2176 563 2215 facinus
592 2176 631 2215 h.
656 2176 681 2215 1.
703 2180 972 2222 memoratur,
997 2174 1113 2227 cujus
1139 2173 1274 2213 adhuc
1301 2171 1501 2211 memoria
1522 2174 1633 2210 esset

119 2232 339 2272 recentior.
373 2231 470 2271 Vid.
488 2232 706 2272 Demosth.
721 2247 797 2285 pro
814 2231 1025 2285 lN‘Iegalop.
1040 2246 1079 2284 p.
1098 2242 1190 2282 203,
1206 2242 1245 2282 3.
1263 2231 1356 2275 208,
1377 2229 1434 2267 18.
1458 2226 1632 2266 Diodor.

124 2300 186 2341 15,
204 2301 272 2342 57.
289 2292 331 2328 et
355 2299 418 2341 79.
437 2292 479 2328 et
500 2288 557 2327 ibi
571 2288 818 2342 VVesseling.
869 2288 1016 2341 (Adde
1035 2286 1216 2327 Glinton.
1236 2285 1350 2324 Fast.
1370 2283 1478 2322 Hell.
1497 2282 1575 2322 vol.
1597 2295 1631 2322 2.

120 2359 159 2398 p.
175 2357 271 2397 397.
288 2345 383 2397 398.
418 2344 469 2384 G.
494 2344 680 2395 DIND.)
734 2343 962 2384 Obscurius
984 2348 1061 2388 est,
1079 2341 1178 2395 quid
1200 2341 1298 2380 illud
1322 2339 1398 2379 sibi
1423 2339 1520 2379 velit
1542 2356 1634 2390 συγ-

120 2404 261 2451 γενεῖς.
324 2399 444 2439 Alias
466 2400 674 2451 συγγένεια
701 2400 964 2440 necessitudo
986 2403 1050 2438 est
1072 2398 1182 2438 inter
1211 2395 1459 2449 metropolin
1482 2400 1525 2435 et
1546 2395 1635 2448 ejus

121 2455 318 2495 colonias.
381 2455 529 2495 Potuit
558 2461 698 2496 tamen
727 2456 874 2495 eadem
904 2455 1117 2495 continere
1147 2454 1369 2504 ἐπιγαμίαν,
1391 2451 1554 2491 aliudve
1583 2450 1634 2489 si-

122 2512 218 2551 mile
240 2511 458 2557 vinculum,
478 2512 539 2551 vel
564 2511 854 2564 antiquissima
882 2515 1024 2551 aetate
1048 2509 1295 2563 populorum
1321 2512 1472 2546 ortum.
1536 2506 1634 2545 Per-

123 2568 230 2608 tinet
258 2568 340 2606 huc
373 2567 487 2606 locus
509 2567 579 2607 Or.
604 2567 653 2607 de
677 2568 769 2607 Cor.
793 2582 830 2620 p.
854 2579 949 2620 290,
974 2580 1040 2614 20,
1063 2565 1132 2605 ubi
1157 2563 1344 2603 Thebani
1370 2561 1635 2602 Atheniensi-

123 2624 201 2663 bus
217 2623 352 2678 juncti
376 2623 572 2663 dicuntur
593 2626 636 2677 τῇ
660 2623 870 2676 συγγενείᾳ
893 2624 954 2662 καὶ
975 2625 1025 2675 τῷ
1049 2622 1247 2673 ὁμοφύλῳ.
1300 2619 1345 2658 F.
1371 2619 1422 2657 A.
1440 2618 1627 2657 WOLF.

181 2694 278 2731 490,
308 2692 369 2719 12.
403 2681 510 2733 λόγῳ
535 2682 633 2729 μετὰ
661 2683 737 2718 τῶν
765 2678 912 2731 νόμων]
950 2678 1091 2717 Verbo
1113 2677 1220 2729 λόγῳ
1242 2674 1510 2715 continentur
1531 2673 1636 2713 ratio

124 2741 167 2776 et
193 2736 335 2781 οναϊίο,
362 2735 512 2789 quibus
540 2750 604 2775 res
633 2739 675 2774 et
701 2749 870 2774 caussas
901 2738 1066 2773 nostras
1096 2731 1258 2785 parium
1285 2730 1440 2784 judicio
1472 2729 1636 2783 subjici-

127 2806 232 2831 mus.
295 2791 533 2845 Opponitur
563 2792 637 2839 vis,
660 2790 794 2831 aliena
820 2806 845 2830 a
876 2789 1004 2829 libera
1035 2788 1217 2828 civitate.
1260 2789 1357 2837 μετὰ
1388 2790 1463 2826 τῶν
1494 2787 1634 2835 νόμων,

128 2847 238 2901 quod
260 2847 357 2887 alibi
375 2847 547 2887 effertur
565 2848 638 2887 σὺν
660 2851 739 2888 τοῖς
763 2848 905 2896 νόμοις,
923 2843 1159 2891 (lacentibus,
1175 2841 1460 2896 praeemztibus
1477 2840 1635 2895 bessibus.

131 2903 316 2957 Vulgare
338 2908 403 2943 est
427 2906 522 2943 κατὰ
542 2904 629 2944 τοὺς
652 2904 801 2952 νόμους.
857 2902 900 2941 F.
920 2902 971 2941 A.
990 2900 1175 2940 WOLF.

184 2971 281 3012 490,
307 2961 368 2999 16.
391 2959 556 3009 βέλτιον
579 2960 746 3000 ἐκείνους
768 2958 1005 3009 πράττοντας
1026 2955 1145 3009 ὑμῶν]
1176 2955 1344 2995 Blelz'orc
1369 2954 1452 2994 illos
1462 2954 1635 3006 fortuna
