1997 3256
341 151 424 192 642
759 151 1079 192 ADVERSUS
1113 152 1442 192 LEPTINEM.

340 270 380 309 3.
398 256 526 309 princ.
552 256 666 297 Εἰκὸς
687 257 756 297 οὖν
777 273 842 306 μοι
864 259 971 296 δοκεῖ
991 256 1102 302 εἶναι,
1123 258 1172 298 ὡς
1194 256 1241 296 ἂν
1263 257 1342 298 οἶός
1363 272 1405 296 τε
1427 255 1469 305 ὦ,
1492 260 1692 296 συνειπεῖν
1714 256 1854 297 αὐτοῖς.

344 312 394 351 F.
426 312 479 351 A.
505 311 697 351 WOLF.
773 311 907 351 Semel
956 326 1108 351 nomen
1156 312 1368 365 professus
1412 312 1454 351 in
1495 311 1732 352 oratoribus
1773 325 1855 350 non

341 367 481 420 pot-uit
512 367 648 407 dicere
675 368 722 407 ἂν
744 369 824 410 οἶός
845 385 887 407 τε
913 366 964 407 ὦε
998 367 1153 415 debuit,
1182 367 1215 406 si
1244 368 1473 408 modestiae
1498 368 1663 407 laudem
1692 367 1734 406 in
1764 367 1855 420 ipso

342 423 543 463 orationis
566 423 736 463 exordio
757 428 927 477 captare
945 423 1078 469 vellet,
1098 424 1148 465 ὡς
1168 423 1216 462 ἂν
1237 424 1317 464 οἶός
1337 440 1378 463 τε
1400 425 1441 463 ὣ.
1489 423 1740 464 SCHAEF.

398 491 496 532 457,
522 492 558 519 2.
586 482 631 534 τῇ
657 480 790 532 πόλει]
827 479 998 519 Absunt
1029 480 1082 519 ab
1108 479 1300 518 Aristide
1330 494 1369 532 p.
1391 492 1488 532 310.
1518 479 1710 530 συμφέρει
1740 479 1857 518 λελύ-

343 538 435 574 σθαι
457 538 504 590 τῇ
522 537 636 575 πόλει
658 537 725 575 τὸν
748 537 868 585 νόμον
890 535 1178 589 Hermogenes
1198 549 1238 587 p.
1258 546 1350 588 105.
1397 536 1458 574 Et
1480 549 1573 574 cum
1590 535 1766 588 Crispin.
1784 534 1857 574 det

342 595 534 641 συνερεῖν,
559 591 633 631 (1311
655 591 812 631 Aldina
833 595 1053 642 συνεργεῖν.
1098 590 1293 630 REISK.

397 660 493 698 4537,
519 660 555 700 3.
585 647 1095 701 ὡμολόγησα-συνερεῖν]
1129 647 1244 688 Citat
1274 646 1515 686 Demetrius
1543 647 1664 687 Phal.
1694 648 1732 698 ξ.
1761 647 1855 699 256.

343 701 595 743 SCHAEF.

407 759 490 798 ἔστι
523 758 551 798 δ’
579 760 646 799 οὐκ
682 760 828 809 ἄδηλον
841 757 917 812 ——]
967 760 1127 798 Astuta
1161 763 1225 798 est
1261 758 1371 798 ratio
1407 763 1635 807 oratorum,
1673 762 1721 798 ut
1756 757 1856 811 quid

339 814 604 855 adversarius
633 815 836 855 allaturus
867 814 922 854 sit
952 830 1029 868 pro
1061 829 1135 854 sua
1166 829 1325 861 caussa,
1349 819 1607 868 compertum
1629 829 1671 854 se
1700 815 1856 854 habere

341 870 498 919 dicant,
531 886 613 925 qua
649 871 803 910 techna
837 870 945 910 illius
981 885 1104 924 saepe
1138 871 1376 910 firmissima
1411 874 1662 925 argumenta
1693 870 1856 910 elevant

340 927 596 980 occupando.
639 926 882 978 Ἐπιστήμην
896 932 1049 967 vocant
1069 927 1272 966 rhetores.
1324 927 1614 980 Hermogenes
1635 928 1722 978 περὶ
1742 927 1856 976 μεθό-

341 986 406 1022 δου
429 984 645 1033 δεινότητος
666 997 697 1022 c.
716 997 782 1036 23.
799 998 838 1037 p.
853 994 950 1036 547.
968 983 1094 1023 Laur.
1116 982 1187 1023 Ἐν
1202 986 1255 1036 τῷ
1276 983 1382 1033 περὶ
1402 986 1478 1032 τῆς
1505 984 1721 1025 ἀτελείας
1747 985 1856 1035 ἰσχυ-

339 1040 504 1090 ρότατον
525 1041 738 1090 προτείνων
754 1044 820 1078 τοῦ
837 1041 1030 1079 Λεπτίνου
1053 1039 1283 1090 κεφάλαιον,
1302 1039 1345 1078 τὸ
1367 1042 1432 1089 τῆς
1453 1040 1573 1089 ἀξίας,
1596 1040 1641 1089 τῇ
1665 1039 1856 1093 ἐπιστήμῃ

339 1094 566 1145 προέτεινεν
588 1097 719 1136 οὕτως·
747 1094 867 1135 ’Ἐστι
897 1094 926 1134 δ’
950 1096 1019 1135 οὐκ
1050 1096 1196 1145 ἄδηλον
1218 1112 1249 1134 κ.
1272 1112 1306 1134 τ.
1329 1101 1368 1135 λ.
1427 1096 1496 1136 Τὶς
1526 1096 1649 1137 ἄλλος
1679 1095 1732 1135 ad
1764 1108 1855 1149 syn-

341 1151 454 1190 dicos
476 1150 579 1205 legis
601 1151 785 1205 pertinet
806 1166 844 1204 p.
868 1162 964 1204 501,
991 1164 1036 1191 21
1061 1165 1172 1204 seqq.
1217 1151 1263 1190 F.
1292 1152 1343 1190 A.
1365 1151 1558 1191 WOLF.

396 1218 493 1261 457,
517 1209 554 1247 6.
577 1209 725 1247 δίκαιον
745 1209 818 1257 μὲν
839 1208 952 1247 οὐδὲν
975 1209 1056 1258 ἐρεῖ
1066 1207 1137 1260 -]
1170 1208 1348 1261 Aequam
1365 1207 1594 1261 justamque
1623 1221 1697 1247 esse
1724 1206 1853 1260 leyem,

339 1263 568 1303 adversarii
599 1264 723 1303 ‘nostri
756 1264 908 1303 elucere
938 1263 1102 1303 dicendo
1138 1277 1212 1302 non
1238 1269 1448 1316 poserem&
1494 1263 1627 1303 ¹utilem
1657 1263 1856 1302 duntaxat

341 1321 498 1360 civitati
517 1334 603 1368 esse,
629 1318 890 1360 inculcabant.
942 1322 1062 1373 τούτῳ
1083 1320 1255 1372 πλείστῳ
1277 1319 1466 1372 χρήσεται
1487 1321 1537 1374 τῷ
1559 1321 1680 1374 λόγῳ.
1730 1319 1857 1359 Hanc

341 1377 534 1416 rationem
565 1375 717 1429 ιιιζαεόἰϊ
749 1376 1017 1428 cupidissime,
1041 1376 1143 1416 hane
1176 1375 1283 1415 uobis
1314 1375 1452 1429 ubique
1482 1377 1645 1430 ingyeret,
1681 1376 1760 1415 ἅνω
1794 1376 1856 1415 καὶ

343 1432 457 1478 κάτω,
485 1438 533 1472 ut
557 1432 705 1472 Attice
730 1432 915 1485 loquitur
940 1432 1066 1472 schol.
1089 1432 1144 1472 ad
1164 1432 1314 1471 verba:
1348 1432 1452 1472 τουτὶ
1483 1434 1587 1484 παρὰ
1616 1430 1725 1472 πάντ’
1746 1432 1856 1471 ἔσται

341 1488 410 1529 τὸν
431 1490 555 1540 λόγον
577 1489 716 1530 αὐτοῖς.
739 1504 779 1542 p.
800 1499 896 1540 474,
917 1502 951 1528 Ι.
996 1489 1041 1528 F.
1066 1489 1118 1528 Α.
1137 1488 1329 1528 WOLF.

399 1556 495 1597 457,
516 1557 578 1584 10.
602 1546 677 1596 ἐγὼ
699 1545 744 1591 δ’,
763 1546 821 1584 ὅτι
841 1547 913 1595 μὲν
937 1563 969 1584 κ.
987 1561 1019 1584 τ.
1037 1544 1097 1599 λ.]
1133 1544 1279 1597 Usque
1301 1544 1353 1584 ad
1378 1544 1479 1584 ἐάσω
1502 1543 1607 1584 citat
1629 1543 1855 1597 Dionysius

342 1600 559 1641 Halicarn.
589 1601 639 1640 de
668 1601 713 1640 (⁴.
740 1601 791 1639 V.
819 1615 859 1654 p.
882 1614 972 1640 110.
1004 1615 1121 1641 meae
1152 1600 1253 1640 edit.
1322 1600 1469 1654 Usque
1504 1600 1558 1641 ad
1594 1601 1855 1652 γιγνώσκεται

344 1657 534 1697 Tiberius
555 1672 595 1711 p.
624 1669 688 1696 21.
731 1656 982 1697 SCHAEF.

399 1715 458 1753 ὅτι
481 1715 554 1763 μὲν
575 1714 771 1766 τινῶν-]
810 1713 1013 1765 Ιηίιιδΐιιυι
1039 1719 1105 1760 est,
1126 1713 1161 1752 si
1188 1712 1276 1766 quis
1305 1713 1381 1752 leae
1411 1726 1548 1752 caussa
1576 1711 1731 1759 (ebusus,
1754 1712 1860 1766 quod

341 1770 532 1823 quidam
563 1770 807 1809 immunitate
828 1769 1040 1809 videamur
1063 1769 1229 1823 indigmi,
1252 1769 1314 1809 ad
1338 1783 1475 1808 unum
1497 1783 1645 1808 omnes
1665 1768 1765 1808 dono
1785 1782 1856 1808 suo

340 1825 526 1878 spoliatos
550 1825 650 1865 cells.
695 1830 811 1865 τινῶν
834 1828 1120 1877 κατηγοροῦντα
1142 1830 1205 1865 est
1227 1828 1334 1867 τινὰς
1356 1824 1537 1874 ἀναξίους
1558 1826 1774 1874 νομίζοντα,
1792 1825 1855 1865 uti

341 1881 490 1922 deinde
527 1883 878 1932 καταμεμφόμενόν
914 1899 1033 1923 τινας.
1109 1882 1179 1920 Ad
1215 1881 1350 1935 ipsum
1391 1884 1677 1932 κατηγοροῦντα
1711 1880 1856 1935 supple

341 1938 440 1984 τινά,
465 1943 505 1978 et
529 1937 754 1991 simplicem
784 1942 1040 1977 structuram
1062 1938 1201 1992 cogita
1222 1938 1331 1978 hanc
1354 1952 1464 1977 esse:
1499 1939 1605 1978 τινας
1627 1942 1856 1989 κατηγορεῖν

341 1998 469 2040 τινῶν,
495 1994 577 2034 εἶτα
597 1996 851 2045 ἀφαιρεῖσθαι
875 1994 1019 2035 πάντας
1039 1994 1108 2043 τὴν
1131 1994 1292 2044 δωρεάν.
1353 1993 1501 2033 Priore
1522 1998 1735 2033 structura
1755 1993 1855 2033 nihil

343 2055 406 2090 est
436 2050 707 2102 frequentius7
731 2055 774 2089 et
804 2055 994 2102 praestat
1026 2064 1117 2090 eam
1147 2050 1213 2089 hic
1243 2050 1467 2104 Dionysius
1489 2049 1540 2089 de
1563 2049 1704 2103 Comp.
1722 2049 1854 2090 verb.

344 2107 381 2158 ξ.
406 2120 457 2158 9.,
480 2106 581 2146 haec
609 2106 784 2145 laudans
806 2106 847 2144 in
869 2105 1103 2158 exemplum
1125 2106 1433 2154 concinnitatis,
1458 2120 1479 2145 e
1501 2120 1583 2158 qua
1604 2105 1855 2146 brevitatem

342 2166 465 2215 putat
487 2166 638 2201 ortam.
702 2161 770 2201 Ita
794 2161 902 2200 enim
925 2166 1136 2201 oratorem
1158 2162 1337 2202 scribere
1360 2162 1573 2202 debuisse:
1597 2161 1702 2213 Ἐγὼ
1724 2164 1778 2208 δὲ,
1796 2163 1855 2202 ὅτι

341 2219 413 2268 μὲν
435 2222 550 2257 τινῶν
572 2221 871 2269 κατηγοροῦντα,
897 2218 946 2259 ὡς
971 2218 1038 2257 οὐκ
1070 2219 1296 2267 ἐπιτηδείων
1318 2219 1425 2270 ἔχειν
1446 2219 1516 2268 τὴν
1538 2217 1732 2264 ἀτέλειαν,
1759 2218 1855 2258 πάν-

341 2290 410 2315 τας
442 2275 696 2325 ἀφαιρεῖσθαι
727 2274 788 2312 καὶ
817 2274 904 2315 τοὺς
935 2275 1086 2315 δικαίως
1117 2274 1230 2323 αὐτῆς
1258 2277 1447 2326 τυχόντας
1472 2278 1548 2314 τῶν
1570 2275 1710 2313 ἀδίκων
1731 2275 1852 2321 ἐστὶν,

344 2329 459 2370 ἐάσω.
508 2329 627 2370 Alias
648 2329 825 2370 virtutes
846 2329 984 2382 plures
1006 2329 1046 2368 in
1068 2330 1146 2370 hoc
1169 2330 1340 2370 exordio
1362 2330 1542 2370 miratur
1566 2329 1855 2384 Hermogenes

342 2402 382 2426 π.
407 2388 517 2425 ἰδεῶν
537 2385 609 2425 lib.
632 2399 662 2425 1.
684 2391 790 2426 extr.
836 2386 884 2425 F.
907 2386 960 2426 A.
977 2386 1169 2426 WOLF.

399 2452 498 2494 457,
519 2455 580 2481 ΙΙ.
606 2442 771 2494 δωρεὰν]
810 2442 989 2482 ἀτέλειαν
1008 2457 1073 2496 ap.
1096 2443 1273 2496 Dionys.
1295 2443 1320 2482 1.
1343 2457 1377 2482 C.

399 2502 475 2538 τῶν
497 2499 637 2538 ἀδίκων
658 2499 784 2551 ἐστίν]
824 2498 881 2538 Η.
904 2512 937 2538 e.
961 2499 1093 2539 ἄδικόν
1115 2501 1236 2539 ἐστιν.
1301 2500 1369 2539 Ita
1401 2499 1545 2539 dicunt
1576 2499 1661 2538 ἔστι
1690 2503 1767 2539 τῶν
1789 2517 1854 2540 κα-

342 2558 436 2600 λῶν,
460 2558 536 2594 τῶν
556 2556 770 2607 χρησίμων,
794 2559 869 2594 τῶν
889 2559 1089 2607 χαλεπῶν,
1114 2559 1189 2595 τῶν
1211 2557 1365 2595 ἀτόπων
1388 2570 1465 2609 pro
1496 2556 1538 2595 ἕν
1559 2572 1594 2594 τι
1619 2559 1695 2595 τῶν
1724 2560 1854 2596 καλῶν

343 2615 435 2658 etc,7
460 2611 570 2664 quod
602 2615 666 2650 est
700 2610 807 2651 infra
834 2626 873 2664 p.
896 2612 996 2664 498,
1015 2625 1048 2651 1.
1071 2617 1114 2652 et
1144 2612 1256 2665 apud
1289 2612 1538 2651 Aeschinem
1574 2611 1616 2650 in
1644 2610 1852 2652 Timarch.

342 2666 473 2720 princ.
522 2666 589 2706 Sic
611 2667 805 2721 Aeschyl.
824 2669 975 2721 Agam.
993 2680 1112 2718 1407.
1130 2671 1295 2722 (1395.)
1314 2668 1538 2721 accipimus
1559 2668 1606 2717 ἦν
1626 2668 1855 2718 πρεπόντων

342 2737 418 2776 pro
439 2723 486 2773 ἦν
508 2723 670 2774 πρέπον,
695 2724 851 2774 ἔπρεπε,
874 2724 944 2764 ubi
967 2724 1123 2764 erravit
1146 2724 1304 2764 Heath.
1368 2726 1565 2765 Ceterum
1592 2738 1617 2763 a
1648 2723 1853 2764 nonnullis

342 2793 561 2832 perperam
589 2779 786 2819 scribitur
807 2784 881 2820 τῶν
904 2781 1149 2827 ἀδικούντων,
1173 2787 1215 2820 et
1237 2785 1363 2820 antea
1384 2782 1689 2831 κατηγοροῦντας
1708 2779 1850 2820 πάντα.

346 2835 498 2874 hIelius
531 2835 722 2875 Tiberius
756 2837 844 2887 περὶ
874 2840 950 2876 τῶν
980 2839 1085 2887 παρὰ
1117 2836 1365 2887 Δημοσθένει
1398 2836 1608 2888 σχημάτων
1636 2836 1673 2887 ξ.
1706 2835 1852 2887 5.”Οτι

342 2892 414 2940 μὲν
435 2895 550 2930 τινῶν
572 2895 880 2943 κατηγοροῦντας
903 2891 1060 2931 πάντων
1082 2893 1335 2944 ἀφαιρεῖσθαι
1359 2893 1428 2941 τὴν
1450 2892 1610 2942 δωρεάν.
1673 2891 1852 2931 Hermo-

342 2960 467 2999 genes
488 2951 629 2987 autem
649 2962 687 3000 p.
705 2959 802 3001 370.
825 2947 953 2988 habet
973 2947 1120 2991 πάντας
1141 2949 1396 3001 ἀφαιρεῖσθαι
1416 2949 1485 2998 τὴν
1502 2950 1650 2999 δωρεὰν
1667 2952 1743 2988 τῶν
1764 2949 1850 2988 ἀτο-
