1997 3256
504 145 824 186 ADVERSUS
858 146 1340 187 ARISTOCRATEM.
1595 149 1679 190 947

168 253 292 292 fidem
308 252 463 291 fecerat
480 251 752 303 jurejurando
769 267 775 291 :
810 266 916 291 nunc
935 267 984 291 ne
1002 252 1247 306 rogantibus
1263 251 1426 304 quidem
1445 251 1675 304 pollicetur.

230 363 324 411 680,
352 375 384 401 1.
419 362 462 401 τὸ
491 362 695 415 ψήφισμα]
739 363 948 403 Glaucone
980 374 1155 415 rogante
1186 364 1366 402 factum:
1400 377 1434 401 v.
1456 377 1494 415 p.
1519 363 1613 414 678,
1637 375 1674 414 3.

170 418 362 458 REISK.

223 474 317 521 680,
341 476 379 513 6.
403 472 479 512 οὐδ’
501 475 627 512 ὁτιοῦν
650 475 843 523 ὡμολόγει
865 476 1029 526 δίκαιον]
1073 475 1122 513 V,
1147 490 1185 527 p.
1210 476 1302 524 678,
1326 487 1332 511 1
1354 487 1382 513 1.
1422 473 1674 512 SFHAEF.

224 530 321 576 680,
348 543 381 579 7.
405 530 441 568 οἱ
463 528 492 567 δ’
510 530 649 581 ἕτεροι]
690 529 909 569 Berisades
930 535 973 569 et
997 530 1246 569 Amadocus.
1284 530 1542 568 SCHAEF.

223 586 317 629 680,
343 587 379 623 δ’.
415 585 716 637 ΕΠΙΣΤΟΛΗ]
758 584 946 638 Epistola
982 585 1290 637 Uersobleptae.
1336 585 1390 623 V.
1423 599 1462 636 p.
1495 584 1589 635 678,
1614 596 1675 637 15.

166 641 357 681 REISK.
423 640 546 678 Hune
570 639 702 678 locum
725 640 854 680 citare
875 655 955 679 non
979 641 1171 680 debebat.
1229 641 1348 680 Haec
1370 639 1478 679 enim
1499 639 1676 692 epistola

164 696 323 750 pariter
344 704 389 735 ut
412 695 597 749 proxime
621 710 795 748 sequens
817 697 1031 736 referenda
1062 697 1115 736 ad
1145 696 1234 735 illas
1256 696 1423 735 fraudes
1445 695 1674 741 dilatorias,

165 753 216 792 de
239 752 388 805 quibus
413 766 450 805 p.
475 751 572 802 678,
597 764 654 789 11.
703 752 951 791 SCHAEF.

223 809 317 855 680,
338 822 375 860 9.
398 811 473 846 τῶι·
493 807 715 859 βασιλέων]
756 808 863 847 Sunt
887 808 1126 847 Amadocus
1148 812 1188 847 et
1214 807 1445 846 Berisades.
1482 805 1675 846 REISK.

221 864 316 910 680,
339 877 398 903 10.
430 865 519 911 ὑμῖν
548 862 742 903 cohaeret
772 877 863 902 cum
896 867 1065 908 δοκοῦσι,
1100 878 1181 902 non
1216 877 1309 903 cum
1341 864 1535 913 ἐγκαλεῖν.
1583 876 1677 902 num

164 918 267 959 vobis
302 919 515 959 videantur
549 918 609 957 nil
642 919 764 970 queri,
803 919 853 959 de
891 918 1161 972 Cersoblepte
1199 924 1300 972 puta
1337 923 1378 958 et
1413 918 1674 959 Charidelno.

164 974 357 1015 REISK.

220 1031 314 1077 680,
338 1043 398 1082 17.
425 1033 537 1071 Μετὰ
559 1036 678 1071 ταῦτα
699 1032 845 1083 τοίνυν]
877 1031 976 1071 1111111
998 1031 1147 1085 recipit
1169 1031 1452 1071 narrationem
1470 1030 1675 1070 factorum

163 1086 399 1126 Charidemi
422 1086 645 1127 recitandis
668 1087 928 1127 documentis
957 1087 1249 1140 interruptum.
1304 1089 1402 1126 ὅσον
1422 1088 1494 1136 μὲν
1516 1088 1672 1137 χρόνον,

161 1142 204 1182 1(1
234 1147 309 1191 est,
342 1157 416 1196 per
447 1143 597 1182 bellum
632 1143 780 1183 sociale
811 1143 865 1182 ab
898 1143 1174 1197 Oly1np.105‚
1195 1157 1234 1196 3.
1267 1157 1396 1197 usque
1426 1142 1480 1182 ad
1513 1142 1673 1196 Olymp.

168 1201 258 1247 106,
289 1211 325 1238 2.
382 1199 436 1237 V.
461 1198 635 1238 Diodor.
663 1203 721 1247 16,
747 1212 782 1251 7.
813 1203 855 1238 et
886 1212 1063 1240 21—22.
1098 1199 1355 1239 XViniewskii
1387 1203 1607 1238 comment.
1637 1214 1673 1252 p.

166 1268 257 1307 195.
293 1254 525 1295 WEBER.

219 1312 313 1359 680,
340 1323 403 1361 27.
435 1313 468 1350 εἰ
493 1312 544 1360 μὴ
570 1311 615 1351 δι’
639 1312 734 1361 ἡμᾶς
764 1313 824 1351 καὶ
853 1313 993 1361 ταύτην
1015 1312 1084 1362 τὴν
1104 1312 1277 1363 γραφὴν]
1314 1310 1471 1365 Absque
1502 1310 1611 1351 nobis
1643 1318 1676 1350 et

160 1367 234 1407 11αο
254 1367 416 1407 actione.
464 1368 524 1407 Cf.
546 1383 585 1420 p.
608 1380 703 1420 370.
748 1370 877 1408 ἐκεῖνα
899 1369 939 1407 δὲ
962 1368 1108 1409 τούτοις
1130 1368 1178 1408 ἂν
1194 1370 1358 1418 προσῆν,
1384 1369 1417 1407 εἰ
1436 1367 1487 1417 μὴ
1510 1369 1572 1406 διὰ
1593 1369 1675 1406 τού-

162 1439 261 1465 τους.
284 1438 323 1477 p.
345 1426 442 1476 364.
479 1423 713 1463 W'EBER.

220 1480 314 1527 681,
343 1493 375 1518 1.
408 1483 652 1530 φοβούμενοι
689 1479 757 1528 τὴν
789 1482 849 1518 διὰ
882 1483 948 1518 τοῦ
980 1481 1238 1531 ψηφίσματος
1275 1479 1558 1532 συκοφαντίαν]
1598 1479 1677 1519 Est

161 1535 381 1582 calumnia,
401 1535 466 1574 eui
489 1536 566 1575 hoc
584 1536 753 1575 decreto
775 1535 888 1575 locus
912 1535 1035 1575 datus
1058 1540 1152 1575 erat
1173 1535 1286 1575 falsis
1308 1535 1551 1575 criminibus
1568 1550 1675 1575 com-

159 1590 424 1631 miniscendis
447 1591 677 1631 insectandi
699 1596 739 1631 et
764 1591 952 1631 venandi.
1001 1591 1055 1631 V.
1078 1592 1223 1631 Meier.
1242 1592 1292 1631 de
1313 1592 1387 1632 lite
1405 1591 1498 1632 Att.
1518 1607 1557 1645 p.
1575 1606 1597 1644 3
1605 1606 1627 1646 3
1633 1604 1672 1645 5.

218 1704 312 1749 681,
329 1707 366 1743 6.
389 1704 459 1753 τὴν
482 1706 708 1754 Καρδιανῶν
731 1703 863 1756 πόλιν]
897 1704 1049 1744 Cardia
1070 1704 1123 1744 ad
1149 1704 1357 1744 Melanem
1380 1703 1515 1743 sinum
1538 1704 1676 1757 posita

158 1759 201 1798 in
234 1759 396 1799 Isthmo
424 1759 671 1800 Chersonesi
699 1759 915 1807 Thraciae,
949 1760 1132 1800 maxima
1161 1760 1283 1813 hujus
1315 1766 1454 1800 terrae
1484 1761 1595 1807 urbs,
1628 1766 1676 1800 ut

160 1815 465 1855 Demosthenes
488 1815 666 1868 Philipp.
694 1815 775 1854 ΙΙΙ.
800 1830 839 1868 p.
865 1828 954 1855 120.
978 1816 1091 1859 dicit
1119 1821 1161 1856 et
1189 1822 1501 1869 peroppmtuno
1532 1816 1676 1856 incolis

158 1871 241 1911 situ
263 1871 355 1917 fuit7
379 1871 488 1911 unde
510 1876 552 1910 et
575 1871 615 1910 in
638 1872 739 1910 fines
763 1871 965 1911 Thraciae
986 1872 1241 1924 aquilonalis
1263 1878 1304 1912 et
1327 1873 1367 1911 in
1393 1872 1526 1936 ipsam
1550 1873 1675 1912 Cher-

159 1940 353 1966 sonesum
384 1926 573 1966 incursus
606 1932 783 1980 pateret.
847 1927 995 1977 Quare,
1020 1933 1066 1967 ut
1092 1932 1187 1968 tuta
1217 1933 1326 1968 esset
1357 1929 1411 1968 ab
1443 1928 1602 1981 injuliis
1634 1933 1677 1969 et

158 1982 462 2022 incursionibus
484 1982 779 2030 Chersonesus
803 1982 1084 2023 Athenienses
1113 1984 1235 2037 hujus
1264 1984 1340 2023 loci
1374 1984 1676 2037 possessionem

158 2043 202 2078 et
236 2053 261 2078 a
299 2038 571 2091 Cersoblepte
607 2043 649 2078 et
685 2043 843 2092 postea,
882 2054 1009 2092 quum
1044 2039 1261 2093 Philippus
1294 2040 1463 2087 valeret,
1496 2040 1675 2080 maxime

157 2094 430 2147 appetebant.
494 2096 627 2144 Quam
656 2109 782 2147 quum
812 2094 890 2134 sibi
922 2095 1125 2135 retineret
1151 2096 1453 2149 Cersobleptes,
1482 2096 1523 2151 id
1553 2111 1676 2150 aegle

158 2151 351 2190 ferebant
374 2149 668 2197 Athenienses,
696 2164 738 2189 se
769 2151 984 2191 fraudatos
1016 2151 1100 2191 lati
1132 2167 1207 2191 sua
1236 2157 1375 2192 vetere
1403 2153 1676 2205 possessione,

159 2205 310 2259 quippe
333 2205 402 2268 qui
425 2220 551 2258 quum
582 2206 887 2246 Cheisonesum
919 2207 1212 2260 possedissent.
1236 2208 1362 2248 etiam
1393 2208 1590 2248 Gnidiam
1621 2209 1673 2249 ad

158 2275 202 2300 se
239 2261 450 2314 pertinere
486 2261 685 2301 dicerent.
761 2262 823 2302 At
860 2263 1055 2309 Thraces,
1092 2264 1160 2316 qui
1196 2269 1331 2304 totam
1371 2264 1482 2304 illam
1519 2271 1675 2304 terram

158 2317 281 2370 longo
318 2331 395 2355 usu
432 2331 514 2356 non
550 2317 718 2357 dubiam
752 2318 832 2357 sibi
869 2318 1171 2371 possessionem
1208 2334 1297 2359 esse
1333 2324 1560 2368 censerent,
1593 2334 1676 2360 non

158 2377 356 2425 poterant
378 2373 626 2411 commoveri
650 2378 697 2412 ut
719 2373 976 2413 Chersoneso
999 2375 1157 2414 tradita
1178 2375 1304 2414 etiam
1327 2375 1523 2415 Cardiam
1550 2391 1575 2415 a
1601 2390 1677 2415 sua

159 2427 316 2467 ditione
348 2427 628 2481 sejungerent.
691 2428 834 2481 Neque
857 2429 1080 2482 quidquam
1107 2430 1218 2469 aliud
1247 2430 1287 2469 in
1317 2445 1464 2470 caussa
1491 2436 1583 2471 erat
1604 2446 1678 2471 cur

158 2483 219 2523 ita
248 2489 425 2537 agerent
447 2498 572 2537 quam
600 2498 699 2523 suae-
728 2489 866 2524 terrae
894 2499 1006 2524 cura.
1068 2486 1147 2525 Sed
1182 2486 1287 2525 hanc
1317 2500 1404 2525 rem
1426 2487 1562 2526 valere
1592 2502 1675 2526 non

158 2538 259 2578 sinit
289 2542 458 2578 orator:
495 2539 738 2592 indignatur
770 2544 813 2579 et
847 2542 1073 2593 exprobrat
1104 2541 1352 2581 (haridelno
1384 2542 1549 2582 inimica
1580 2558 1675 2582 con-

158 2594 262 2634 silia.
324 2594 462 2645 Quare
488 2601 538 2634 st‘
529 2595 632 2634 111111
661 2595 714 2634 ab
738 2595 856 2634 initio
878 2597 965 2649 ejus
987 2602 1051 2636 est
1072 2612 1107 2635 v.
1134 2599 1376 2647 ὁρμητήριον,
1401 2598 1510 2661 quod
1533 2599 1675 2638 sedem

159 2649 253 2689 belli
271 2649 493 2703 significat,
512 2651 880 2713 proputrnaeulum‚
900 2652 1008 2691 unde
1025 2652 1116 2704 quis
1138 2653 1224 2692 exit
1247 2653 1446 2706 impetum
1468 2653 1509 2692 in
1532 2654 1674 2694 hostes

158 2705 344 2745 facturus
366 2710 408 2744 et
430 2720 511 2758 quo
534 2720 577 2745 sc
599 2706 746 2759 recipit
766 2706 971 2746 laborans.
1010 2708 1065 2744 W
1073 2708 1186 2746 Em]
1192 2709 1240 2747 R.

217 2762 312 2808 681,
338 2774 373 2810 7.
401 2762 598 2811 ἐξαίρετον
621 2763 719 2814 αὐτῷ
743 2762 936 2814 γέγραφε]
971 2762 1009 2800 V
1014 2764 1114 2802 erba
1144 2763 1245 2803 haec
1272 2770 1314 2803 et
1345 2764 1537 2817 proxima
1563 2765 1673 2815 ἀφεί-

159 2821 252 2854 λετο
274 2815 361 2866 παρ’
380 2817 484 2864 ὑμῶν
505 2817 558 2855 11(1
587 2802 916 2879 indignationem
946 2832 1038 2856 11101
1042 2819 1191 2858 endam
1223 2824 1326 2872 apta
1354 2825 1463 2860 sunt.
1528 2819 1672 2860 Chari-

160 2871 304 2910 demus
337 2871 446 2910 enim
479 2886 606 2924 quum
645 2872 683 2911 in
722 2872 912 2911 omnibus
949 2874 1081 2926 pactis
1111 2875 1155 2914 C
1157 2889 1192 2914 11
1195 2875 1305 2915 (111111
1342 2875 1418 2914 sibi
1454 2875 1672 2930 1‹cip01·,et

871 2946 891 2966 A
914 2943 936 2968 a
961 2931 985 2967 52
