1997 3256
292 142 377 184 862
644 143 969 184 ADVERSUS
1002 143 1463 186 ANDROTIONEM.

351 250 447 298 601,
470 261 508 299 4.
531 248 618 299 περὶ
640 249 776 289 τούτου
797 252 865 288 τοῦ
887 249 1022 300 νόμου]
1060 248 1139 289 Illa
1161 248 1212 289 de
1232 248 1336 303 lege,
1358 262 1464 302 quae
1487 251 1604 289 vetat
1624 247 1813 288 homines

294 304 532 346 concionari
553 304 664 345 vitae
685 304 894 359 flagitiose
915 308 1037 346 actae
1058 304 1321 358 turpitudine
1342 304 1530 345 infames.
1574 304 1769 345 REISK.

352 364 447 410 601,
471 372 511 415 5.
542 361 631 403 τοὺς
662 363 801 410 νόμους
828 361 1001 414 τούτους]
1039 360 1133 401 Has
1163 360 1322 410 ambas,
1350 374 1452 414 quas
1483 360 1608 401 modo
1639 375 1815 401 comme-

292 417 465 465 moravi,
488 418 613 471 leges.
652 416 846 457 REISK.
911 417 1043 457 Modo
1075 416 1415 457 commemoravit
1444 431 1584 457 unam.
1635 417 1722 459 τοὺς
1753 418 1816 457 νό-

294 491 388 526 μους
407 475 576 519 τούτους
600 473 725 528 leges,
747 473 898 527 quibus
918 473 1028 513 hac
1018 487 1061 513 in
1081 473 1155 513 lite
1175 478 1285 513 utor.
1329 472 1579 513 SCHAEF.

353 530 779 580 601,6.οὐδὲνὸμοιος
800 529 854 569 ὢν
867 531 987 583 τούτῳ
1006 529 1234 582 νομοθέτης]
1262 528 1423 569 Eadem
1436 529 1586 569 xerba
1576 543 1618 568 1n
1633 528 1813 568 Timocr.

295 585 783 641 p.732,18.Ace1bius
805 586 933 626 etiam
954 590 1099 626 mator
1119 585 1222 626 dicit
1242 584 1344 625 ibid.
1366 599 1406 638 p.
1431 596 1525 640 733.
1547 586 1678 634 ὅμοιός
1702 601 1761 635 γε,
1786 583 1815 624 ὼ

295 645 431 694 ἄνδρες
443 642 658 692 Ἀθηναῖοι,
678 643 818 682 Σόλων
838 642 1046 693 νομοθέτης
1069 659 1130 682 και
1145 640 1400 693 Τιμοκρατης
1444 656 1483 695 p.
1503 652 1598 695 735.
1623 642 1642 680 ὁ
1659 642 1812 687 Σόλων,

296 698 388 754 -ᾦ
410 698 487 739 οὐδ’
507 699 555 739 ἂν
577 699 690 740 αὐτὸς
710 699 951 750 Τιμοκράτης
981 699 1108 750 φησαι
1138 699 1269 749 ὅμοιος
1303 697 1512 748 νομοθέτης
1543 697 1655 737 εἶναι.
1719 695 1815 736 Non

295 755 492 796 dissimile
513 755 706 809 estquod
728 755 836 795 infla
858 770 898 808 p.
916 757 1013 795 616.
1033 761 1076 795 et
1094 754 1274 794 Τ1111001.
1292 769 1332 808 p.
1354 755 1449 806 756.
1468 752 1645 793 dicitur.
1679 753 1815 802 ὅμοιόν

295 812 424 864 γε,οὐ
444 812 538 864 γάρ;
572 815 683 851 τοῦτο
706 816 817 853 τοῖςι
805 813 1007 863 προτέροις
1029 811 1318 863 ἐπιγράμμασιν
1341 828 1370 850 κ.
1394 827 1427 850 τ.
1450 815 1489 849 λ.
1532 809 1719 849 FUNK.

356 868 718 919 601,11.ὃεινοὺς]
754 869 938 910 δυνατοὺς
958 867 1106 920 λέγειν,
1130 872 1178 907 ut
1195 882 1232 907 v.
1252 880 1316 918 14.
1366 865 1525 918 Quibus
1547 869 1818 920 opponuntur

297 927 494 965 ἰδιῶταιν.
514 935 578 979 15.
622 923 874 965 SOHAEF.

356 983 534 1032 601,14.
566 981 615 1023 ὡς
646 985 727 1022 τοῖς
755 980 920 1032 θρασέσι
952 981 1014 1020 καὶ
1045 983 1221 1021 δυνατοῖς
1252 979 1402 1031 λέγειν]
1439 977 1627 1018 Subaudi
1661 977 1817 1027 ἐξέσται

295 1041 373 1078 aut
413 1037 544 1077 simile
580 1037 706 1090 quid·
759 1051 856 1077 nam
896 1037 1095 1088 ἐξαρκέσει
1137 1036 1170 1075 si
1211 1040 1393 1090 oepetas,
1437 1034 1665 1075 subaudias
1705 1034 1816 1088 quod

295 1107 445 1148 parum
477 1093 697 1134 conveniat
729 1107 824 1133 cum
856 1092 1021 1147 ingenio
1054 1097 1131 1134 τῶν
1161 1091 1338 1144 θρασέων
1370 1092 1430 1132 καὶ
1462 1095 1635 1132 δυνατῶν
1662 1091 1811 1143 λέγειν.

296 1149 550 1191 SCHAEF.

356 1208 452 1255 601,
472 1217 534 1258 17.
558 1206 849 1256 ἐὰν-κλοπῆς]
886 1206 954 1244 ἐὰν
983 1205 1137 1246 πολλὰς
1166 1204 1276 1246 ὁδοὺς
1308 1206 1358 1258 δῷ
1373 1227 1441 1250 —,
1469 1204 1554 1244 οἷον
1573 1206 1640 1253 τῆς
1672 1205 1818 1252 κλοπῆς

296 1263 407 1303 idem
428 1262 538 1303 valet
560 1262 672 1316 quod
694 1264 764 1302 ἐὰν
784 1265 953 1303 πολλαῖς
981 1262 1084 1302 ὁδοῖς
1109 1263 1159 1314 δῷ
1182 1263 1243 1300 διὰ
1263 1264 1340 1300 τῶν
1362 1261 1491 1310 νόμων
1513 1259 1705 1310 ἐπεξιέναι
1736 1262 1818 1301 τοῖς

296 1320 533 1371 ἠδικηκόσιν,
557 1320 641 1359 οἷον
662 1321 726 1369 τῆς
749 1321 906 1368 κλοπῆς.
952 1316 1206 1357 SCHAEF.

356 1378 535 1430 601‚19.
567 1376 674 1416 Post
705 1375 900 1416 πιστεύεις
935 1388 1019 1414 11011
1052 1372 1340 1428 interrogandi
1376 1371 1552 1427 signum,
1588 1372 1661 1413 sed
1697 1371 1818 1412 colon

297 1432 394 1487 poni
416 1431 538 1472 volui.

355 1488 499 1542 ἄπαγε]
532 1488 693 1528 Anecd.
718 1487 851 1528 Bekk.
876 1502 915 1541 p.
939 1499 1128 1540 414‚13:
1163 1487 1303 1538 ἄπαγε·
1337 1486 1423 1525 ἀντὶ
1449 1488 1518 1525 τοῦ
1544 1489 1626 1537 χρῶ
1651 1487 1695 1535 τῇ
1721 1485 1819 1525 ἁπα-

298 1559 426 1600 γωγη
470 1546 567 1585 οὕτω
600 1544 856 1595 Δημοσθένης
893 1545 935 1583 ἐν
967 1545 1020 1596 τῷ
1058 1560 1154 1583 κατα
1180 1542 1471 1593 Ἀνδροτιωνος.
1536 1541 1697 1582 Eadem
1733 1541 1818 1580 fele

296 1602 411 1655 apud
435 1601 647 1655 Haipocr
635 1600 833 1649 ationem,
854 1599 925 1640 ubi
956 1601 999 1639 ἐν
1019 1599 1070 1653 τῷ
1093 1616 1190 1639 κατα
1213 1600 1398 1640 Κόνωνος
1421 1601 1523 1652 (qua.
1553 1597 1595 1637 in
1628 1597 1818 1641 oratione

298 1657 610 1698 substantivum
630 1657 822 1712 legitur'
804 1673 994 1708 απαγωγη
1015 1671 1055 1710 p.
1077 1657 1196 1709 1256,
1214 1656 1250 1695 8.
1258 1656 1293 1705 ):
1326 1654 1399 1694 sed
1419 1655 1551 1694 codex
1573 1654 1711 1695 Palat.
1728 1653 1819 1694 Ἀν-

298 1716 517 1766 δροτίωνος.

362 1773 404 1810 ἐν
434 1771 580 1823 χιλιαις
612 1769 686 1810 δ’ὁ
720 1770 908 1820 κίνδυνος]
954 1768 1114 1808 Anecd.
1149 1767 1282 1807 Bekk.
1316 1782 1357 1821 p.
1379 1767 1470 1816 188,
1491 1767 1563 1807 18;
1597 1767 1642 1806 ἐν
1674 1768 1820 1819 χιλίαις

298 1828 320 1867 ὁ
341 1828 515 1869 κίνδυνος
537 1828 598 1866 καὶ
618 1829 816 1879 χιλιῶσαι·
851 1827 888 1865 οἱ
910 1827 1214 1877 κατηγοροῦντες
1235 1824 1322 1866 τοὺς
1351 1824 1519 1866 κλέπτας
1548 1823 1610 1863 καὶ
1635 1824 1686 1873 μὴ
1707 1839 1819 1874 παρι-

298 1887 470 1925 στῶντες
499 1884 630 1935 χιλίας
661 1884 835 1935 δραχμὰς
865 1881 1026 1921 ἐτέλουν
1048 1899 1080 1921 κ.
1102 1898 1136 1921 τ.
1158 1886 1198 1920 λ.
1260 1879 1423 1920 Eadem
1455 1879 1634 1920 formula
1664 1879 1820 1934 legitur

298 1940 414 1994 apud
437 1939 650 1979 Pollucem
673 1939 709 1987 8,
732 1952 800 1991 49.
851 1937 1035 1978 FUNK.

359 1999 455 2045 601,
481 2008 546 2037 20.
572 2000 653 2038 τοῖς
674 1996 879 2047 ἄρχουσιν]
917 1992 1248 2034 Undecemviris.

359 2054 454 2100 601,
481 2065 545 2093 21.
570 2053 698 2103 τοῦτο]
736 2051 901 2091 Scilicet
923 2051 966 2090 τὸ
984 2050 1163 2101 ἀπάγειν.
1210 2049 1462 2090 SCHAEF.

359 2111 455 2156 601,
481 2120 545 2148 22.
579 2107 822 2157 καταμέμφει
849 2107 1029 2157 σεαυτὸν]
1067 2106 1212 2146 Citant
1234 2106 1395 2146 Auecd.
1422 2105 1554 2146 Bekk.
1576 2120 1617 2159 p.
1640 2115 1730 2158 151,
1754 2118 1769 2144 I
1787 2118 1818 2145 [.

302 2164 496 2205 Reiskius
526 2164 569 2203 in
599 2164 690 2203 Ind.
717 2163 899 2203 Graecit.
925 2162 1132 2215 explicat:
1173 2163 1210 2202 Τ
1211 2164 1252 2201 ui
1284 2168 1396 2202 temet
1421 2162 1604 2215 poenitet.
1669 2161 1821 2201 Sohae-

300 2222 438 2262 ferus:
471 2221 516 2260 οὐ
536 2221 732 2262 πιστεύεις
753 2222 917 2273 σεαυτῷ.
979 2218 1109 2258 Plane
1136 2217 1194 2257 sic
1214 2218 1274 2255 NV
1277 2218 1429 2257 olfius
1435 2219 1549 2258 ίΑὀιι
1578 2217 1652 2257 tibi
1675 2217 1793 2270 fides.
1799 2217 1821 2232 ”

305 2279 359 2318 V.
385 2277 512 2318 etiam
535 2276 662 2316 schol.
687 2276 777 2316 cod.
803 2276 986 2329 August.
1011 2274 1127 2315 adh.
1152 2274 1178 2313 l.
1221 2273 1446 2314 Demosth.
1469 2288 1509 2327 p.
1537 2274 1725 2324 844‚12:
1760 2274 1821 2314 καὶ

302 2333 405 2374 ‘taur’
425 2334 550 2383 εἰμὲν
572 2335 693 2372 ἐδεῖτο
720 2333 843 2384 λόγου
868 2332 974 2374 τινὸς
999 2348 1022 2381 η
1050 2331 1256 2377 ποικιλίας,
1282 2331 1408 2383 ἔγωγε
1438 2331 1660 2370 κατώκνουν
1681 2329 1730 2370 ἂν
1750 2346 1820 2380 την

302 2393 467 2442 ἐμαυτοῦ
489 2389 837 2440 καταμεμφόμενος
856 2389 1024 2438 ἡλικίαν.
1075 2387 1263 2427 FUNK.

361 2448 456 2494 601,
477 2458 542 2499 23.
565 2445 716 2494 δικάζου
739 2447 884 2494 κλοπῆς
904 2444 999 2495 πρὸς
1020 2444 1229 2495 διαιτητην]
1266 2443 1429 2483 Anecd.
1448 2442 1580 2482 Bekk.
1598 2457 1637 2496 p.
1657 2455 1753 2493 414„
1774 2442 1819 2482 8:

303 2503 483 2555 ἀπάγειν,
508 2503 754 2553 ἐφηγεῖσθαι,
776 2501 1012 2552 γράφεσθαι,
1037 2499 1268 2547 δικάζεσθαι·
1301 2501 1446 2540 τούτων
1469 2500 1635 2539 ἕκαστον
1657 2500 1719 2538 ἐπὶ
1744 2502 1821 2538 τῶν

305 2560 455 2611 ἑτέρους
484 2559 800 2610 κατηγορούντων
821 2557 994 2608 λέγεται.
1050 2555 1140 2596 ἀλλ’
1160 2557 1229 2596 ἐὰν
1249 2557 1322 2605 μὲν
1343 2556 1438 2607 πρὸς
1459 2555 1654 2605 διαιτητὴν
1673 2555 1696 2604 ἡ
1717 2557 1821 2594 δικα-

304 2617 372 2656 σία
399 2617 564 2667 γίνηται,
590 2617 765 2654 καλεῖται
790 2613 1025 2662 δικάζεσθαι.
1090 2612 1208 2652 Idem
1238 2612 1372 2653 tradit
1403 2611 1530 2652 schol.
1553 2610 1642 2651 cod.
1665 2610 1817 2651 Bavar.

303 2673 359 2713 ad
379 2672 420 2712 h.
444 2671 469 2711 l.
519 2669 703 2710 FUNK.

362 2730 457 2777 601,
483 2739 548 2778 24.
569 2725 736 2778 γράφου.
741 2724 969 2780 -ἐφηγοῦ]
1003 2725 1140 2779 Atqui
1169 2729 1213 2766 et
1247 2725 1291 2764 τὸ
1321 2723 1546 2776 γράφεσθαι
1576 2727 1619 2763 et
1649 2721 1693 2762 τὸ
1726 2723 1822 2774 ἐφη-

303 2788 461 2837 γεῖσθαι
495 2783 585 2837 jam
623 2781 781 2823 dictum
822 2787 918 2822 est:
963 2781 1042 2822 nisi
1082 2783 1189 2822 forte
1231 2780 1447 2835 superiora
1486 2778 1725 2833 peltineant
1765 2778 1821 2818 ad

300 2841 473 2894 judices³
506 2839 608 2880 haec
635 2839 690 2879 ad
720 2838 939 2879 arbitrum.
1000 2838 1092 2893 Ego
1123 2838 1250 2878 verba
1279 2836 1462 2878 auctmis
1493 2835 1664 2889 rejicere
1693 2833 1819 2883 nolui,

306 2897 405 2951 quia.
433 2895 714 2945 f01·tassis,ut
745 2895 787 2936 i11
817 2894 1031 2949 superiore
1060 2893 1389 2948 anantapodoto,
1421 2892 1482 2934 ita
1511 2892 1578 2933 hic
1609 2891 1737 2934 ctiam
1768 2890 1820 2930 de
