1997 3256
260 1211 313 1250 ⁶25

320 161 401 201 7528
556 161 608 198 Α.
635 157 1094 198 WESTERMANNI
1130 155 1587 198 PROLEGOMENA

320 276 482 316 quoque
506 262 665 302 factum
693 275 744 300 ex
771 260 955 314 partium
984 260 1122 300 studio
1150 265 1278 313 atquo
1300 259 1567 300 contentione
1598 259 1833 312 profectum

319 319 387 358 sit.
452 317 636 358 Eaedem
663 331 769 370 quae
803 316 962 356 Midiae
995 330 1087 355 cum
1122 315 1404 355 Demosthene
1440 314 1680 355 inimicitiae
1713 314 1833 354 Nico-

319 374 440 413 demo
463 387 626 426 quoque
654 386 747 412 cum
770 371 1021 412 Aristarcho
1053 371 1393 416 intercedebant;
1428 371 1542 411 facta
1573 375 1637 410 cst
1665 374 1834 409 conten-

320 429 392 477 tio,
415 429 591 468 accessit
613 428 790 468 fortasse
811 427 889 467 loci
911 441 959 467 ac
982 425 1182 480 temporis
1211 425 1517 479 opportunitas,
1541 426 1734 473 ebrietas,
1758 424 1832 473 ira,

321 484 524 525 naturalis
552 483 679 524 animi
702 483 896 536 juvenilis
916 481 1192 530 vehementia,
1214 481 1357 534 itaque
1377 481 1536 521 facinus
1557 480 1833 527 commissum,

321 541 437 593 cujus
458 540 520 580 vel
542 539 843 580 conscientiam
865 537 1161 578 Demosthenis
1190 537 1380 591 probitas
1402 550 1450 577 ac
1471 536 1695 590 prudentia
1716 550 1836 589 repu-

322 597 491 636 diasset.
553 596 614 636 At
644 595 800 635 Midias
832 594 909 635 hac
937 608 1100 647 quoque
1131 608 1204 646 spe
1235 593 1401 645 abjecta
1436 592 1619 632 animum
1651 591 1837 630 nondum

320 651 485 705 abjecit,
508 652 633 692 aliam
655 665 769 704 spem
790 649 990 690 victoriae
1011 649 1205 690 tentavit.
1268 649 1353 688 Sub
1376 648 1561 701 ejusdem
1589 647 1688 687 anni
1712 647 1837 686 finem

323 708 627 748 Demosthenes
647 721 797 746 munus
819 705 1075 746 senatorium
1096 703 1334 750 affectavit3
1368 703 1423 744 ad
1439 717 1565 756 quam
1586 702 1839 756 dignitatem

322 763 621 816 auspicandam
643 776 817 803 examen
842 761 1047 801 usitatum
1069 759 1263 800 subeunti
1285 773 1389 799 nova
1413 758 1578 799 actione
1599 757 1840 798 intercessit

327 818 495 859 Midias.
562 818 683 870 Quod
719 818 797 858 etsi
833 817 1015 857 oratorie
1050 816 1200 869 paullo,
1234 815 1296 854 uti
1331 814 1422 855 fieri
1458 814 1575 861 solet,
1609 817 1840 867 exaggerat

325 874 645 921 Demosthenes,
669 888 761 914 cum
783 872 908 913 dicit:
946 872 985 911 τὸ
1011 875 1170 923 πρᾶγμα
1202 873 1256 913 εἰς
1282 871 1510 921 ὑπέρδεινόν
1534 886 1600 920 μοι
1629 868 1841 920 περιέστηῐ

323 944 479 970 —nam
508 930 616 970 hanc
639 943 801 982 quoque
832 929 948 968 litem
976 933 1096 968 actor
1124 941 1206 966 11011
1236 931 1514 980 persequutus
1536 929 1612 972 est,
1635 924 1718 963 imo
1742 937 1839 963 reus

322 986 364 1026 in
396 991 638 1026 senatorum
668 998 886 1024 numerum
918 988 1109 1036 receptus
1143 983 1312 1022 ineunte
1347 980 1539 1035 proximo
1571 994 1682 1020 anno
1718 979 1843 1020 solita

325 1055 445 1082 sacra
467 1040 643 1081 initialia
674 1055 751 1094 pro
779 1044 927 1080 senatu
951 1040 1050 1079 fecit
1081 1053 1130 1078 ac
1161 1052 1358 1091 pompam
1380 1037 1405 1076 J
1413 1037 1477 1076 ovi
1501 1036 1657 1076 Nemeo
1679 1049 1842 1076 sacram

325 1096 569 1150 popularem
602 1096 723 1136 duxit
736 1100 955 1136 S—tamen
990 1094 1147 1135 Midiae
1179 1092 1412 1135 temeritati
1448 1092 1544 1132 hinc
1579 1091 1692 1132 nulla
1721 1105 1843 1131 excu-

327 1152 448 1193 satio.

383 1208 414 1247 J
417 1222 485 1248 am
507 1222 604 1248 vero
625 1207 816 1261 quaestio
843 1207 1030 1247 exoritur
1052 1207 1103 1246 de
1129 1210 1281 1247 natura
1303 1210 1343 1245 et
1366 1208 1517 1245 eventu
1548 1203 1645 1252 litis,
1669 1206 1844 1256 propter

328 1278 453 1316 quam
483 1264 586 1304 haec
617 1263 757 1303 omnia
781 1262 938 1302 Midias
965 1266 1163 1315 expertus
1191 1267 1268 1302 est.
1330 1260 1388 1301 Et
1419 1260 1527 1300 hanc
1555 1259 1722 1313 quidem
1753 1272 1846 1312 per-

328 1319 535 1359 difficilem
558 1318 845 1372 quaestionem
866 1318 1129 1358 Boeekhiust
1151 1322 1240 1357 tam
1266 1316 1430 1356 erudite
1460 1321 1589 1368 atque
1620 1319 1744 1355 acute
1765 1314 1846 1354 dis-

329 1375 525 1428 ceptavit,
548 1381 595 1415 ut
616 1374 716 1414 mihi
739 1379 852 1414 certe
875 1374 986 1427 quod
1007 1374 1161 1414 addam
1179 1373 1247 1412 vix
1267 1372 1440 1412 verbum
1461 1370 1667 1424 reliquum
1687 1370 1845 1410 factum

329 1446 418 1471 esse
440 1431 644 1471 videatur.
707 1430 820 1470 Satis
847 1430 977 1484 igitur
1003 1430 1081 1470 erit
1114 1429 1147 1468 si
1179 1441 1385 1468 summam
1406 1425 1704 1479 disputationis
1730 1440 1847 1479 repe-

329 1492 432 1527 tam.
495 1486 729 1526 Midianam
751 1485 1047 1526 Demosthenis
1069 1484 1303 1525 orationem
1328 1496 1411 1523 11011
1432 1482 1543 1522 0111111
1571 1495 1744 1522 numero
1771 1482 1846 1522 ab·

330 1543 510 1583 solutam
546 1556 634 1582 esse
665 1542 753 1595 jam
784 1541 881 1582 olim
912 1547 1033 1581 erant
1061 1540 1130 1594 qui
1162 1539 1608 1584 ani1nadverterentu3
1643 1552 1726 1591 quo
1756 1551 1846 1590 spe-

331 1603 449 1638 ctant
479 1598 681 1638 molestae
711 1597 939 1638 eorundem
962 1598 1184 1637 verborum
1216 1594 1603 1648 sententiarumque
1633 1593 1847 1646 repetitio-

331 1667 418 1701 nes,
441 1654 584 1706 quales
613 1653 809 1707 leguntur
839 1668 879 1706 p.
902 1665 999 1706 547.
1024 1653 1171 1704 §.129
1193 1651 1282 1691 coll.
1306 1665 1345 1704 p.
1367 1661 1464 1703 574.
1489 1650 1527 1701 ξ.
1553 1661 1664 1702 233.,
1685 1649 1786 1688 item
1806 1663 1847 1702 p.

331 1721 355 1763 5
360 1722 427 1762 39.
452 1711 489 1761 ξ.
516 1722 601 1749 100.
625 1709 714 1749 coll.
742 1724 781 1762 p.
810 1710 907 1762 566.
936 1710 974 1760 ξ.
1000 1721 1106 1760 203.,
1134 1707 1255 1746 nimis
1286 1705 1470 1746 breviter
1500 1709 1543 1745 et
1573 1706 1749 1744 obscure
1779 1718 1848 1743 ex-

333 1779 487 1819 pressa,
511 1769 557 1804 ut
580 1780 620 1818 p.
643 1777 741 1817 515.
766 1765 802 1816 ᾗ.
824 1777 864 1815 4.
897 1763 1028 1813 ἐπειδή
1059 1780 1115 1805 τις
1147 1762 1297 1814 εἰσάγει
1325 1761 1457 1814 (quod
1487 1760 1549 1801 ita
1579 1760 1739 1800 dictum
1769 1764 1847 1808 est,

333 1819 451 1873 quasi
487 1827 636 1860 auctor
663 1820 775 1873 quod
807 1820 923 1859 deest
953 1819 1034 1859 alio
1065 1824 1255 1871 tempore
1290 1816 1566 1870 supplendum
1597 1814 1849 1868 reliquerit),

332 1876 583 1928 perturbata
604 1881 651 1916 ut
668 1889 775 1928 quae
796 1875 847 1915 de
868 1874 1105 1915 actionibus
1127 1872 1303 1927 privatis
1324 1872 1520 1926 leguntur
1541 1886 1583 1924 p.
1598 1882 1710 1924 522„
1727 1884 1849 1924 argu-

332 1936 570 1970 mentorum
591 1931 829 1983 interrupta
851 1930 992 1978 series,
1013 1937 1058 1970 ut
1083 1929 1193 1982 quod
1214 1928 1346 1967 solum
1367 1926 1543 1967 affertur
1564 1925 1850 1966 testimonium

334 1986 518 2026 aurificis
539 2001 580 2039 p.
592 1998 702 2039 521„
721 1986 791 2026 ubi
813 1999 919 2040 quae
940 1985 1048 2025 infra
1069 1999 1108 2038 p.
1126 1995 1222 2037 557.
1246 1987 1479 2036 sequuntur
1499 1981 1754 2031 ὑπομνήματα
1773 1985 1851 2020 τῶν

337 2043 500 2082 Μειδίου
517 2041 760 2091 ἀδικημάτων
774 2041 919 2081 statim
939 2040 1149 2080 afferenda
1166 2043 1297 2079 erant.
1360 2038 1466 2077 Rem
1481 2036 1648 2077 conficit
1663 2036 1774 2090 quod
1792 2035 1851 2075 di-

336 2097 392 2138 eit
414 2097 669 2136 Aeschines:
700 2097 759 2136 καὶ
777 2099 896 2136 ταῦτα
916 2097 987 2146 ἤδη
1008 2098 1055 2134 τὰ
1071 2096 1158 2145 περὶ
1175 2096 1344 2134 Μειδίαν
1359 2094 1420 2132 καὶ
1441 2094 1528 2134 τοὺς
1550 2093 1770 2138 κονδύλους,
1786 2092 1853 2133 οὓς

337 2153 486 2201 ἔλαβεν
509 2153 552 2191 ἐν
573 2155 617 2201 τῇ
639 2152 837 2204 ὀρχήστρᾳ
867 2151 1035 2203 χορηγὸς
1064 2150 1130 2195 ὢν,
1156 2151 1216 2189 καὶ
1245 2150 1295 2191 ὡς
1323 2148 1488 2188 ἀπέδοτο
1510 2147 1716 2198 τριάκοντα
1745 2149 1852 2196 μυῶν

338 2207 415 2257 ἅμα
436 2206 505 2255 τήν
527 2223 569 2246 τε
592 2209 645 2248 εἰς
673 2206 789 2246 αὑτὸν
810 2209 924 2256 ὕβριν
947 2207 1009 2245 καὶ
1030 2205 1099 2254 τὴν
1120 2207 1187 2244 τοῦ
1215 2204 1333 2253 δήμου
1363 2203 1717 2254 καταχειροτονίαν,
1740 2201 1788 2251 ἣν
1810 2202 1853 2241 ἐν

340 2263 535 2301 Διονύσου
568 2263 913 2313 κατεχειροτόνησε
942 2261 1105 2300 Μειδίου
1120 2269 1153 2298 Χ.
1214 2259 1335 2309 Quod
1371 2257 1450 2297 etsi
1486 2257 1589 2296 (licit
1624 2256 1853 2296 mentiendi

338 2316 700 2370 calumniandique
736 2330 919 2355 summus
955 2315 1120 2363 artifex,
1153 2313 1220 2353 vix
1255 2319 1398 2354 tamen
1434 2313 1476 2351 in
1512 2312 1684 2352 dubium
1715 2311 1853 2352 vocari

339 2377 492 2424 potest,
525 2372 623 2410 dum
659 2371 783 2410 modo
815 2371 1047 2411 sententiae
1081 2369 1289 2409 acerbitas
1320 2368 1578 2420 dicentisque
1613 2367 1854 2420 malignitas

340 2427 603 2467 detrahatur.
665 2427 824 2479 Nempe
845 2432 1015 2466 cautum
1038 2425 1204 2478 quidem
1225 2430 1315 2464 erat
1337 2424 1427 2477 lege
1455 2437 1506 2463 ne
1528 2422 1619 2476 quis
1644 2422 1854 2476 publicam

339 2482 547 2522 actionem
577 2482 703 2522 semel
733 2482 975 2522 institutam
1005 2481 1157 2520 iterum
1187 2479 1435 2519 omitterety
1450 2495 1460 2525 ;
1495 2479 1568 2518 sed
1592 2478 1699 2518 hanc
1720 2478 1854 2531 legem

272 2534 327 2575 ⁶26
341 2541 440 2577 tunc
470 2538 605 2578 abusu
637 2537 904 2591 antiquatam
939 2536 1064 2576 fuisso
1100 2540 1358 2588 compertum
1390 2539 1454 2574 est
1469 2543 1499 2577 Ζ,
1532 2533 1591 2574 ita
1622 2538 1671 2573 ut
1702 2533 1853 2572 Demo-

386 2691 398 2708 Γ
423 2687 457 2715 C.
478 2686 558 2714 Mid.
575 2696 604 2724 p.
623 2694 695 2724 551.
1175 2689 1191 2711 δ’
1218 2686 1252 2713 (’.
1272 2684 1353 2713 Mid.
1369 2693 1396 2721 p.
1413 2692 1486 2722 529·
1505 2683 1572 2711 ὅσοι
1589 2682 1613 2710 δ’
1627 2682 1664 2711 ἂν
1675 2680 1853 2719 ’γράφωνται

386 2735 399 2752 S
425 2728 459 2757 C.
479 2728 560 2756 Mid.
578 2738 605 2766 p.
626 2736 698 2765 552.
1132 2726 1254 2763 ’γραφὰς
1277 2725 1351 2755 ἰδίας
1375 2724 1455 2754 κατὰ
1474 2724 1530 2752 τὸν
1551 2722 1653 2760 νόμον,
1674 2722 1728 2753 ἐάν
1742 2735 1789 2753 τις
1811 2723 1854 2759 μὴ

386 2772 397 2793 t
426 2770 463 2798 In
486 2771 664 2799 comment.
688 2769 782 2798 Acad.
808 2768 911 2798 Berol.
925 2778 953 2798 a.
974 2769 1062 2797 1318.
1133 2767 1280 2806 ἐπεξέλθῃ
1302 2767 1320 2802 ἢ
1339 2767 1463 2803 ἐπεξιὼν
1478 2765 1520 2802 μὴ
1543 2764 1708 2804 μεταλάβῃ
1725 2765 1763 2794 τὸ
1779 2763 1855 2801 πέμ-

344 2812 391 2841 el.
408 2811 481 2841 hist.
500 2810 580 2840 Phil.
599 2821 628 2849 p.
646 2810 805 2840 60—-100,
1133 2820 1211 2838 πτον
1231 2809 1321 2847 μέρος
1339 2809 1401 2837 τῶν
1417 2807 1539 2845 ψήφων,
1553 2805 1732 2836 ἀποτισάτω
1748 2806 1855 2845 χιλίας

393 2858 412 2874 u
440 2852 572 2882 Photius
604 2851 686 2882 Bibl.
716 2852 793 2882 Cod.
829 2851 899 2889 265.
934 2862 962 2889 p.
991 2860 1063 2887 491.
1133 2850 1272 2888 δραχμὰς
1287 2850 1331 2886 τῷ
1345 2848 1491 2886 δημοσίῳ.

346 2895 449 2924 Bekk.
554 2906 559 2911 ’
1183 2899 1197 2915 Ζ
1223 2892 1270 2921 Cf.
1297 2890 1526 2920 Hudtwalcker
1550 2891 1588 2920 de
1614 2891 1707 2920 diaet.
1733 2900 1762 2929 p.
1785 2897 1852 2929 159.

387 2940 402 2957 Χ
428 2936 462 2965 (”.
482 2935 619 2974 ctesiph.
639 2946 667 2973 p.
686 2934 735 2964 61.
1134 2943 1214 2971 seqq.
