1997 3256
341 151 452 189 1040
637 149 960 189 ADVERSUS
993 149 1491 190 ARISTOGITONEM
1527 151 1558 189 Ι.

339 270 379 308 p.
405 258 500 309 659.
538 254 650 295 HSt.
682 255 790 295 αὐτοὶ
827 256 963 298 αὐτοὺς
998 258 1034 296 οἱ
1068 258 1201 297 θεαταὶ
1237 259 1534 297 παιδεύουσι.-
1576 256 1720 297 Citant
1754 258 1856 297 haee

339 312 467 351 verba
489 311 650 351 Aneed.
673 311 805 351 Bekk.
830 327 871 365 p.
897 324 941 365 17
946 324 985 366 5,
1008 326 1070 362 14.
1105 313 1356 353 SGHAEF.
1419 313 1691 353 Soribendum
1713 314 1828 368 αὐτῷ.

399 379 493 420 794.
519 379 583 407 22.
613 369 633 406 ὁ
666 369 707 407 δὲ
739 369 783 417 δὴ
811 370 1078 423 παμπόνηρος]
1106 369 1323 410 Sententia
1351 370 1453 409 liaeo
1481 376 1574 409 est:
1610 371 1766 418 Homo,
1789 370 1858 423 qui

339 423 461 477 vulgo
483 425 502 462 ὁ
525 425 776 474 παμπόνηρος
800 424 1047 477 appellatur.
1071 426 1204 465 modis
1233 426 1424 465 omnibus
1449 440 1639 478 nequam.
1664 427 1683 465 ὁ
1706 443 1858 477 τρισκα-

340 479 518 530 τάρατος,
551 484 617 519 ter
648 479 749 519 diris
779 480 955 520 devotus
987 481 1220 535 dignusque
1252 483 1321 535 qui
1359 481 1457 521 diris
1488 486 1554 521 ter
1589 483 1855 531 devoveatur,

341 535 473 575 hostis
510 536 631 590 vulgo
672 536 729 576 sio
765 537 900 577 dietus
940 537 1141 591 publicus,
1180 538 1244 577 eui
1279 542 1345 578 est
1378 538 1540 578 animus
1581 553 1679 592 erga
1716 553 1858 579 omnes

339 592 575 639 malevolus,
613 593 804 641 acerbus,
840 593 1026 641 infestus.
1065 594 1128 634 eui
1169 609 1312 634 omnes
1350 595 1497 634 nolunt
1533 599 1690 634 terram
1724 610 1859 649 neque

339 648 500 688 fructus
531 654 573 688 et
603 663 792 689 annonas
829 650 1044 703 superstiti
1074 651 1260 704 proferre
1292 665 1424 704 neque
1454 651 1590 690 1066111
1621 651 1858 705 sepulturae

341 705 538 745 defuneto
566 705 668 754 dari,
693 706 856 759 qualem
885 706 997 746 illum
1025 722 1127 755 esse,
1149 707 1227 747 1106
1255 713 1331 755 θεῖ,
1355 707 1504 761 quibus
1532 707 1716 747 moribus
1741 723 1858 761 prae-

341 761 490 809 ditum,
522 762 653 810 vobis,
687 763 982 811 Atheniense&
1018 778 1095 817 par
1130 778 1219 803 esse
1252 763 1428 811 videtur,
1462 778 1543 817 quo
1576 763 1744 804 nomina
1776 764 1859 805 ista

341 822 431 857 tam
461 819 678 871 praeclara
705 819 798 872 jure
828 821 1018 860 mereat}
1051 820 1199 860 Nonne
1229 820 1345 860 vobis
1373 820 1537 860 videtur
1564 820 1630 859 ille
1658 820 1760 860 haee
1788 836 1859 860 no-

340 874 454 914 mina
476 889 646 921 merere.
672 875 740 928 qui
763 876 856 915 huic
882 876 1067 916 moribus
1090 876 1143 916 sit
1166 876 1334 917 similis}
1365 876 1559 917 REISK.
1619 876 1859 917 Verborum

341 930 385 969 τὸ
417 932 503 980 ἑξῆς
534 931 590 970 Sic
620 932 774 972 habet:
809 934 918 974 ποῖός
944 950 999 975 τις
1025 935 1178 975 δικαίως
1207 933 1254 973 ἂν
1286 938 1444 973 καλοῖτο
1472 935 1491 972 ὁ
1519 935 1768 983 παμπόνηρος
1794 935 1859 974 ἄν·

343 990 505 1037 θρωπος,
529 989 549 1026 ὁ
571 989 888 1039 τρισκατάρατος,
914 1007 945 1028 κ.
966 1006 998 1028 τ.
1019 995 1056 1028 λ.
1106 989 1211 1030 Post
1232 991 1357 1030 verba
1378 989 1615 1043 appellandi
1636 990 1860 1030 articulum

341 1042 442 1082 addi
477 1043 718 1096 praedicato
755 1050 843 1084 tam
878 1051 1024 1085 notum
1058 1060 1145 1085 esse
1181 1046 1376 1094 arbitror.
1411 1051 1459 1086 ut
1491 1046 1616 1086 verbo
1652 1046 1859 1086 monuisse

341 1099 445 1139 satis
475 1099 664 1140 habeam.
701 1100 951 1141 SCHAEF.
1015 1102 1147 1142 Totus
1182 1102 1295 1142 loeus
1331 1117 1550 1156 expressus
1583 1117 1633 1142 ex
1669 1107 1777 1142 orat.
1809 1103 1860 1143 de

341 1170 423 1195 eor.
449 1171 488 1209 p.
515 1157 610 1209 267,
636 1159 673 1196 8.
705 1162 752 1198 ut
785 1158 948 1198 monuit
979 1158 1210 1205 Doti-aeus.
1244 1161 1264 1198 ὁ
1299 1161 1339 1199 δὲ
1372 1161 1625 1210 παμπόνηρος
1658 1160 1860 1210 ἄνθρωπος

343 1213 404 1251 καὶ
426 1215 529 1254 θεοῖς
551 1213 690 1266 ἐχθρὸς
711 1215 772 1254 καὶ
792 1215 992 1264 βάσκανος
1014 1217 1135 1257 ὅντως
1156 1216 1264 1257 ποῖός
1285 1233 1340 1258 τις
1361 1216 1410 1255 ἂν
1432 1217 1488 1266 εἵη
1510 1216 1606 1267 πρὸς
1628 1219 1727 1256 θεῶν
1745 1233 1754 1262 ;
1787 1217 1860 1269 οὐχ

342 1270 361 1307 ὁ
383 1272 556 1310 τοιοῦτος
576 1286 586 1315 ;

401 1337 494 1378 794,
521 1336 583 1378 27.
614 1327 751 1377 ἐλέων]
781 1326 933 1367 Rarior
961 1327 1131 1381 pluralis
1159 1327 1318 1367 numeri
1348 1342 1458 1377 usus,
1482 1329 1599 1382 cujus
1627 1329 1861 1382 exemplum

342 1386 405 1421 est
427 1396 493 1435 ap.
520 1382 685 1423 Platon.
710 1383 811 1437 Rep.
842 1398 898 1423 10.
924 1399 963 1437 p.
983 1386 1065 1424 606
1087 1385 1132 1425 O.

401 1450 494 1491 795,
520 1441 554 1478 8.
578 1441 908 1494 παιδία-γραῦς]
940 1441 1097 1481 Locum
1119 1441 1292 1481 similem
1315 1441 1365 1481 de
1386 1441 1489 1482 falsa
1511 1442 1588 1496 leg.
1613 1456 1651 1495 p.
1675 1453 1770 1495 432,
1795 1455 1859 1495 13.

342 1502 560 1548 comparat
583 1496 816 1536 Dobraeus.

403 1564 498 1603 795,
525 1564 588 1602 24.
613 1554 706 1605 796,
732 1565 768 1605 7.
794 1554 883 1593 οὐδὲ
904 1558 1057 1593 πολλοῦ
1080 1555 1156 1609 δεῖ]
1183 1554 1237 1595 V.
1259 1554 1313 1594 ad
1334 1569 1373 1608 p.
1397 1568 1486 1603 100,
1510 1566 1572 1593 10.

402 1618 452 1660 79
457 1619 495 1661 5,
522 1621 585 1660 29.
611 1611 653 1649 ἐν
674 1609 836 1662 τούτοις]
862 1610 910 1649 111
932 1610 1010 1650 hae
1027 1608 1230 1664 judicium
1257 1611 1556 1651 circumstante
1577 1611 1714 1651 turba.
1777 1611 1861 1651 Ore

341 1678 551 1717 manuque
572 1672 715 1705 orator
736 1680 805 1705 eos
828 1666 1144 1708 demonstrabat
1167 1668 1269 1708 haee
1291 1668 1417 1707 verba
1439 1667 1732 1721 pronuncians.
1780 1668 1860 1708 Vel

341 1720 508 1774 potius:
542 1721 651 1761 inter
680 1722 754 1762 hos
783 1723 894 1764 nulla
926 1738 1000 1763 sua
1027 1725 1158 1778 eulpa.
1189 1724 1261 1763 sed
1290 1739 1340 1763 ex
1373 1739 1487 1764 mera
1520 1724 1784 1764 humanitate
1817 1730 1860 1764 et

341 1777 629 1818 benevolentia
689 1779 872 1819 aerarios
937 1782 1082 1820 factos.
1149 1780 1341 1820 REISK.
1424 1780 1641 1820 Posterius
1704 1795 1858 1821 verum.

344 1833 592 1874 SCHAEF.

402 1893 496 1942 796,
527 1904 559 1931 ῐ.
596 1893 954 1938 τούτοις,-τούτου
990 1897 1197 1939 τοῦτον-,
1233 1893 1366 1946 τοῦτο]
1407 1893 1460 1934 V.
1497 1893 1642 1933 Melet.
1680 1893 1786 1934 Crit„
1817 1909 1856 1948 p.

347 1959 438 1999 133.
464 1949 600 1988 τούτου
626 1951 762 1988 τοῦτον
784 1964 823 2003 p.
849 1961 942 2003 773‚
969 1951 1035 1989 28.
1079 1951 1199 2003 τούτῳ
1225 1952 1287 1990 διὰ
1308 1953 1445 1990 τοῦτον
1465 1964 1504 2003 p.
1532 1962 1625 2003 797,
1651 1963 1716 1991 22.
1756 1953 1861 2002 παρὰ

343 2004 478 2043 τούτου
500 2005 620 2058 τούτῳ
642 2019 681 2058 p.
707 2005 799 2057 846.
827 2008 892 2045 28.
929 2006 1178 2047 SCHAEF.

401 2060 653 2114 ὡςῂμισεῖν]
677 2063 770 2113 ὑπὲρ
797 2064 944 2108 τούτου.
967 2063 1090 2116 hujus
1119 2063 1181 2102 sui
1213 2062 1335 2103 amici
1363 2067 1439 2103 aut
1466 2063 1688 2103 necessarii
1715 2077 1861 2103 caussa

342 2115 404 2154 vel
431 2116 583 2169 gratia.
625 2121 775 2165 τοῦτον,
798 2119 907 2159 116116
937 2119 1279 2174 Aristogitonem.
1323 2121 1371 2161 ὡς
1398 2119 1464 2159 hic
1492 2119 1568 2160 loci
1597 2119 1707 2160 idem
1732 2125 1861 2173 atque

343 2172 401 2211 ὅτι
423 2172 643 2226 signifieat.
676 2174 869 2214 REISK.

403 2231 495 2280 796,
519 2242 558 2282 3.
582 2231 643 2270 καὶ
665 2230 878 2284 ὀφλήματ’]
910 2233 971 2271 καὶ
993 2232 1102 2272 delet
1126 2232 1318 2272 XVolfius.

403 2287 499 2337 796,
524 2297 588 2324 21.
612 2287 841 2340 βουλήσεις]
871 2290 937 2330 τὰς
958 2288 1173 2339 βουλήσεις
1196 2288 1428 2328 DobraeuS.

403 2343 496 2393 796,
522 2354 586 2395 23.
612 2342 671 2381 ὅσ’
695 2343 743 2383 ἂν
768 2344 1003 2396 πράττωσιν]
1032 2345 1150 2385 Haec
1173 2345 1310 2400 qualia
1331 2350 1525 2399 oporteat
1547 2345 1733 2400 intelligi,
1756 2345 1860 2384 indi-

344 2402 464 2437 catur
485 2413 522 2437 v.
550 2400 612 2440 26.
648 2399 898 2440 SGHAEF.

402 2456 497 2507 796,
522 2456 585 2493 28.
620 2457 717 2495 οὕτω
754 2458 861 2497 ww
893 2459 1036 2509 ὁρῶσιν
1073 2459 1172 2498 ὥστε
1208 2458 1259 2508 μὴ
1291 2462 1418 2498 δοκεῖν
1452 2458 1672 2511 ἑορακέναι]
1711 2457 1856 2511 Eurip.

345 2510 514 2563 Hippol.
540 2513 637 2559 462.
675 2515 822 2555 πόσους
858 2518 982 2556 δοκεῖς
1013 2515 1057 2564 δὴ
1092 2514 1192 2565 κάρτ’
1225 2515 1388 2567 ἔχοντας
1420 2515 1461 2555 εὖ
1494 2519 1650 2566 φρενῶν
1681 2515 1861 2554 νοσοῦνθἿ

344 2568 511 2618 ὁρῶντας
530 2568 670 2619 λέκτρα
691 2570 740 2619 μὴ
763 2573 889 2610 δοκεῖν
912 2572 1005 2621 ὁρᾶν
1023 2588 1033 2617 3
1069 2571 1240 2611 DOBR.

404 2634 497 2676 797.
526 2637 587 2677 ¹3-
621 2627 798 2668 κώδωνας
827 2627 1094 2683 ἐξαψάμενος]
1121 2627 1175 2668 V.
1198 2627 1449 2682 interpretes
1477 2628 1530 2668 ad
1560 2627 1797 2681 Longinum
1817 2642 1856 2681 p.

343 2690 440 2733 357.
465 2679 563 2720 edit.
590 2681 751 2721 Weisk.
787 2683 1039 2723 SCHAEF.

404 2746 499 2788 797,
527 2748 588 2790 17.
629 2739 673 2778 οὐ
703 2740 1121 2794 πρύτανις-δύναται]
1163 2740 1392 2781 Aeschines
1423 2755 1462 2793 p.
1490 2752 1557 2794 54,
1591 2750 1653 2793 15.
1684 2740 1738 2779 ab
1771 2741 1858 2779 Do-

344 2792 470 2831 braeo
514 2799 793 2847 eoiiiIJ›a1‘atuS‚
829 2799 894 2846 τῆς
931 2798 971 2836 δὲ
1003 2801 1080 2837 τῶν
1114 2799 1283 2848 ῥητόρων
1319 2797 1508 2847 ἀκοσμίας
1544 2796 1671 2836 οὐκέτι
1707 2801 1861 2848 κρατεῖν

345 2850 526 2889 δύνανται
563 2851 641 2890 οὔθ’
669 2853 713 2891 ὀἱ
749 2853 860 2902 νόμοι
901 2852 980 2893 οὔθ’
1016 2855 1051 2893 οῖ
1087 2856 1290 2905 πρυτάνεις
1325 2852 1403 2894 οὔθ’
1439 2855 1475 2893 οῖ
1510 2853 1689 2904 πρόεδροι
1725 2851 1804 2893 οὔθ’
1838 2853 1860 2902 ἡ

345 2908 632 2955 προεδρεύουσα
660 2908 778 2958 φυλή.
