1997 3256
458 138 520 178 IN
552 139 911 179 ORATIONEM
947 139 1318 179 LEPTINEAM.

1561 139 1644 179 603

132 241 448 284 Lacedaemonii
484 242 728 295 gravissima
764 243 880 283 clade
915 243 1057 284 afflicti
1092 244 1263 284 Atticae
1299 243 1459 283 civitati
1493 243 1641 282 aemuli

128 299 342 353 potentiae
364 297 575 338 desierant
603 312 707 345 esse,
730 299 918 339 Thebani
941 305 1089 339 contra
1117 300 1169 339 ad
1192 314 1397 339 summum
1425 298 1643 351 imperium

128 354 319 395 celeriter
347 354 523 407 gradum
549 354 762 403 facientes,
785 354 896 394 omni
926 355 1128 395 Graeciae
1156 355 1429 408 impotentem
1458 354 1642 394 domina-

128 415 219 450 tum
246 410 518 449 minabantur
535 426 545 455 3

580 410 727 450 horum
762 410 902 449 odium
928 416 971 450 et
999 415 1147 459 metus,
1175 411 1266 464 ipsa
1293 410 1507 450 vicinitate
1537 409 1642 449 The—

129 466 276 506 barum
306 470 454 505 auctus
486 465 765 506 Athenienses
800 466 970 506 callidos
1005 480 1225 519 rerumque
1255 466 1412 519 peritos
1443 466 1562 506 facilc
1594 480 1642 505 eo
1655 470 1710 511 59

129 521 338 575 perduxit,
373 526 420 561 ut
456 521 508 561 ad
546 521 708 560 illorum
744 521 971 562 amicitiam
1008 536 1051 561 se
1086 521 1347 574 applicarent
1383 536 1474 560 cum
1512 521 1642 574 iisque

128 577 374 616 societatem
408 577 717 630 conjungerent.

780 578 841 617 At
874 577 975 617 haec
1011 577 1205 616 nimirum
1238 577 1358 616 nimis
1390 591 1495 629 vaga
1532 582 1641 617 suut.

130 633 273 686 Neque
303 632 430 673 etiam
458 633 590 686 magis
618 637 734 672 certa
764 633 874 672 ratio
906 632 999 671 iniri
1026 637 1167 685 potest
1197 647 1248 671 ex
1279 632 1340 677 iis,
1368 646 1473 684 quac
1501 637 1644 672 orator

128 689 179 728 de
216 688 383 742 publica
418 688 558 742 inopia
594 689 859 728 Athenarum
895 692 938 727 et
974 688 1180 728 exhausto
1220 687 1382 727 aeralio
1423 687 1641 740 queritul¹.

129 744 376 807 Opportune
406 744 488 784 alia
517 749 614 783 sunt
642 744 683 783 in
712 748 891 796 promtu,
922 758 1028 796 quae
1056 758 1130 782 nos
1158 744 1212 783 ad
1240 743 1351 790 1111111,
1381 743 1491 795 quod
1519 758 1643 796 quae-
1656 744 1711 784 60

723 799 833 839 Nam
859 813 925 839 105
952 804 1237 839 memolantur
1265 799 1523 852 Olympiadis
1555 812 1643 852 105,

128 799 271 848 rimus,
293 800 464 853 propius
493 800 661 839 ducant.

127 921 187 951 seri
212 922 310 960 coepti
337 928 414 951 sunt
437 932 456 951 a
482 922 570 951 sociis
596 929 727 960 gravate
752 922 853 951 fereu-

128 964 212 993 tibus
234 963 358 993 illorum
381 964 652 993 dominationem:
674 964 854 994 Athenien-

128 1016 174 1036 ses
197 1012 303 1035 autem
330 1012 439 1036 00111111
466 1006 635 1035 Thebanos
659 1017 731 1035 cum
758 1006 853 1036 Lace-

127 1048 301 1078 daemoniis
325 1049 501 1078 societatem
528 1055 560 1078 et
585 1049 692 1078 foedus
718 1048 850 1083 faciunt,

127 1100 190 1129 quo
207 1090 352 1128 inprimis
371 1090 536 1129 imperium
554 1091 649 1119 maris
666 1100 854 1129 recuperant

130 1132 260 1172 Olymp.
288 1142 357 1170 102,
381 1142 410 1169 4.
461 1133 545 1162 Dein
569 1132 699 1172 Olymp.
728 1141 796 1170 103,
825 1142 850 1162 2.

129 1175 276 1204 Thebani
298 1174 453 1204 auxilium
481 1175 648 1205 Persarum
671 1182 852 1214 expetentes

128 1218 167 1246 ad
190 1217 364 1255 potentiam
386 1228 474 1246 suam
498 1218 675 1256 augendam
697 1218 735 1246 ad
753 1217 850 1247 Arta-

129 1269 258 1289 xerxem
290 1259 408 1298 legatos
439 1260 582 1296 mittunt,
614 1259 793 1298 Pelopidam
822 1266 853 1289 et

132 1302 313 1331 Ismeniam.
350 1301 479 1341 Olymp.
504 1311 570 1338 103,
588 1311 616 1338 3.
642 1308 813 1340 occupatur
835 1312 853 1331 a

130 1343 292 1373 Thebanis
316 1344 456 1382 Oropus,
481 1345 631 1382 oppidum
660 1344 691 1372 in
716 1344 852 1373 confinio

129 1386 257 1416 Atticae
277 1393 308 1415 et
332 1387 480 1416 Boeotiae
503 1387 608 1415 situm.
635 1386 763 1425 Olymp.
784 1395 850 1422 104,

132 1436 159 1457 z.
177 1438 284 1467 pugna
302 1429 337 1458 fit
358 1429 396 1457 ad
416 1428 627 1465 Mantineam,
646 1438 706 1466 qua
727 1428 852 1466 penitus

128 1471 298 1500 concidunt
326 1472 500 1508 Spartanae
524 1471 614 1507 vires,
641 1480 696 1500 nec
724 1471 779 1508 ipsi
804 1476 852 1500 ta·

129 1523 201 1542 men
231 1512 367 1542 multum
392 1514 550 1551 juvantur
579 1512 735 1549 Thebani,
762 1523 850 1552 prae-

128 1556 236 1585 sertim
267 1555 367 1585 orbati
398 1555 599 1585 consiliorum
627 1566 757 1585 suornm
784 1565 851 1584 om-

129 1598 220 1626 nium
247 1598 452 1637 principibus,
483 1597 632 1636 Pelopida
661 1603 692 1627 et
725 1598 853 1636 Epami-

129 1641 244 1669 nonda.
291 1640 342 1669 Ex
373 1641 503 1669 adversa
531 1640 661 1670 fortuna
688 1641 853 1679 utriusque

129 1682 234 1721 populi
264 1683 331 1720 jam
363 1683 444 1713 vires
475 1683 591 1721 colligit
623 1693 701 1722 resp.
734 1683 851 1720 Attica,

129 1724 264 1754 validior
301 1725 396 1754 etiam
429 1726 517 1754 novis
555 1725 649 1764 copiis
689 1725 852 1755 navalibus

129 1776 314 1806 receptaque
335 1767 538 1797 multitudine
560 1768 712 1797 sociorum
734 1768 851 1797 tributa

130 1810 347 1848 pendentium.
377 1810 427 1840 Ac
443 1820 518 1839 5111ιο
534 1820 614 1848 resp.
631 1811 668 1838 ad
686 1810 851 1848 pristinam

129 1852 381 1891 magnitudinem
404 1853 543 1882 rediisset
565 1862 753 1891 magnorum
777 1863 852 1890 quo-

129 1895 265 1924 rundam
292 1895 408 1924 civium
433 1896 543 1933 adjuta
567 1894 713 1931 consiliis,
739 1895 762 1923 si
787 1905 851 1924 non

129 1938 208 1966 duos
233 1937 430 1968 insidiatores
456 1947 608 1976 peraeque
632 1937 761 1967 infestos
784 1937 851 1966 alu-

130 1980 212 2015 isset,
245 1989 368 2008 morum
408 1980 565 2018 publicam
603 1980 791 2018 pravitatem
821 1985 852 2009 et

132 2022 314 2060 Philippum
364 2022 580 2052 Macedonem.
644 2022 714 2059 Hic,
755 2032 852 2060 reguo

130 2064 259 2103 Olymp.
284 2073 350 2101 ¹04,
372 2077 399 2101 4.
428 2071 578 2103 occupato
605 2065 742 2103 primum
770 2071 852 2094 artes

130 2116 202 2136 suas
237 2106 346 2137 callide
377 2114 494 2145 tegere,
526 2107 696 2136 amicitiam
728 2118 851 2145 quoque

129 2159 202 2178 cum
240 2149 491 2179 Atheniensibus
528 2159 674 2188 pangere.
721 2149 849 2188 Olymp.

135 2200 203 2229 105,
229 2200 257 2220 2.
307 2192 394 2221 Idem
418 2200 524 2222 tamen
549 2192 654 2231 paullo
681 2198 748 2231 post
775 2193 852 2221 ami-

130 2234 171 2263 cis
191 2234 334 2273 Pydnam
355 2241 386 2264 et
406 2235 587 2264 Potidaeam
609 2235 702 2272 eripit
722 2235 849 2274 Olymp.

136 2285 202 2314 105,
227 2283 270 2314 3.,
293 2276 416 2315 aliaque
439 2287 512 2306 mox
539 2277 572 2306 in
597 2277 790 2306 Graecorum
815 2277 850 2305 li-

129 2319 283 2348 bertatem
321 2319 532 2356 machinatur,
564 2329 644 2358 quae
675 2330 738 2348 non
777 2325 851 2348 sunt

129 2360 226 2399 hujus
264 2361 330 2391 loci.
381 2362 506 2391 Interea
546 2362 618 2392 socii
657 2372 739 2390 novo
773 2363 852 2400 jugo

130 2403 375 2432 Atheniensium
427 2404 561 2433 nimium
612 2405 718 2443 1110551,
768 2404 850 2439 (1111,

132 2444 259 2482 Rhodii,
278 2446 333 2474 Coi
355 2452 385 2475 et
408 2447 566 2486 Bymnffi,
585 2446 700 2476 bellum
722 2452 852 2476 movent

130 2486 201 2525 (τὸν
222 2487 362 2524 πόλεμον
383 2488 632 2527 ‹rvupcaxucdu*),
651 2489 732 2527 quod
755 2499 851 2527 grave

132 2530 275 2568 inprimis
315 2531 436 2560 exstitit
474 2531 678 2569 vectigalibus
719 2531 849 2569 reipubl.

132 2572 270 2605 Ducitur
289 2571 364 2601 illud
389 2584 443 2611 per
463 2581 524 2603 tres
541 2574 605 2603 fere
623 2584 733 2609 anuos,
752 2584 851 2612 neque

131 2625 191 2653 pax
208 2615 348 2644 insecuta
366 2616 416 2645 Ol.
439 2615 506 2647 106,
527 2626 549 2644 1.
567 2626 639 2654 opes
658 2616 763 2644 statim
783 2617 850 2643 red-

131 2657 220 2686 didit.
268 2657 353 2686 Him-
374 2658 523 2696 proximis
544 2658 636 2687 anuis
653 2657 796 2696 querelae
815 2659 852 2687 de

131 2699 246 2729 afflicta
262 2701 439 2730 conditione
456 2711 561 2730 rerum
578 2702 770 2729 Atticarum.
814 2701 852 2728 Et

131 2748 257 2771 tantum
277 2744 358 2780 quod
382 2743 582 2782 profligatum
606 2742 722 2772 bellum
744 2742 853 2771 sociale

132 2790 208 2821 erat,
233 2795 331 2823 quum
355 2785 439 2815 aliud
467 2786 596 2820 exarsit,
623 2786 703 2824 quod
729 2796 852 2813 sacrum

134 2833 256 2862 vocant,
287 2828 372 2856 omni
404 2828 554 2857 Graeciae
591 2828 850 2857 funestissimum.

134 2868 327 2907 Quanquam
353 2871 421 2908 ejus
447 2870 640 2900 calamitates
665 2870 771 2900 Attica
797 2870 854 2898 mi-

922 932 982 951 uus
1006 922 1112 951 sensit.
1160 921 1224 950 Sub
1250 921 1346 958 hujus
1372 921 1441 951 belli
1466 921 1557 951 initia
1582 922 1644 952 De-

921 964 1116 993 mosthenem
1154 964 1192 992 ad
1232 964 1384 1002 rempubl.
1424 964 1594 1001 accessisse,
1626 975 1644 994 a

924 1007 1076 1045 Dionysio
1091 1012 1122 1035 et
1138 1005 1205 1035 aliis
1226 1006 1393 1036 memoriae
1410 1006 1568 1044 proditum
1585 1012 1639 1037 est.

922 1049 980 1078 Sed
999 1048 1151 1078 hactenus
1167 1048 1251 1078 haec.

965 1089 972 1112 ἶ
997 1091 1088 1121 Orat.
1113 1101 1142 1129 p.
1163 1089 1236 1128 464,
1260 1099 1307 1128 15.
1332 1099 1405 1127 402,
1424 1100 1451 1128 3.
1482 1091 1643 1119 Continuo

922 1139 1027 1163 tamen
1053 1133 1130 1163 haec
1152 1132 1285 1166 faciunt,
1310 1139 1346 1161 nt
1374 1133 1490 1162 versari
1516 1133 1571 1162 tibi
1595 1133 1642 1162 vi-

920 1176 1022 1205 dearis
1044 1176 1075 1204 in
1093 1182 1231 1214 tempore
1248 1174 1318 1204 belli
1340 1174 1460 1204 socialis
1483 1175 1528 1204 vel
1552 1185 1644 1213 prox-

921 1218 982 1247 ime
999 1218 1149 1247 insecuto.
1182 1217 1232 1246 Sic
1249 1227 1322 1246 vero
1338 1217 1460 1247 mireris
1476 1224 1642 1254 oratorem,

920 1260 945 1289 si
972 1261 1010 1289 de
1037 1260 1187 1289 classibus
1214 1258 1296 1298 (περὶ
1322 1259 1512 1297 συμμοριῶν)
1540 1260 1644 1289 oravit

921 1302 1048 1341 Olymp.
1080 1302 1147 1338 106,
1173 1311 1217 1339 3.,
1249 1311 1329 1340 quae
1360 1301 1505 1341 Dionysii
1540 1302 1642 1331 Halic.

920 1344 1077 1374 sententia
1107 1350 1163 1380 est,
1195 1354 1257 1382 qua
1292 1345 1418 1373 tandem
1450 1344 1570 1374 ratione
1602 1345 1641 1373 ibi

921 1397 949 1424 p.
982 1387 1048 1424 185.
1107 1386 1231 1415 Atticas
1262 1396 1333 1424 opes
1370 1386 1478 1416 ceteris
1509 1386 1644 1416 civitati-

920 1429 978 1458 bus
1008 1439 1103 1467 prope
1137 1428 1284 1457 omnibus
1315 1428 1519 1467 aetpiiparare
1552 1436 1641 1467 potu-

919 1471 988 1500 erit.
1042 1471 1101 1500 Sed
1134 1471 1177 1500 ita
1207 1480 1297 1509 saepe
1327 1478 1464 1500 oratores
1495 1472 1644 1509 temporis

919 1523 1028 1543 caussa
1058 1515 1096 1543 de
1131 1513 1249 1551 republ.
1283 1524 1340 1542 51111
1374 1512 1486 1542 elatius
1522 1514 1642 1551 dicunt,

920 1566 1014 1595 quam
1033 1567 1087 1594 pro
1105 1566 1178 1586 vera
1194 1556 1371 1585 conditione
1389 1566 1504 1585 rerum.
1532 1557 1644 1593 Quan-

920 1609 1015 1637 quam
1051 1608 1091 1628 ne
1128 1598 1204 1627 illud
1237 1598 1363 1636 quidem
1399 1599 1528 1627 omuino
1565 1598 1643 1628 falso

920 1642 1039 1671 dictum
1072 1641 1208 1671 videtur.
1271 1640 1330 1669 1110
1367 1646 1474 1671 autem
1504 1648 1644 1680 tempore

920 1694 1014 1722 quam
1045 1693 1203 1713 summam
1231 1683 1401 1722 quotannis
1432 1683 1464 1712 in
1493 1694 1555 1722 rep.
1582 1684 1643 1713 At-

920 1727 981 1755 tica
1012 1727 1130 1755 reditus
1162 1725 1276 1764 publici
1310 1726 1511 1762 confecerint,
1542 1736 1643 1764 neque

919 1779 957 1797 ex
983 1769 1160 1798 oratoribus
1187 1778 1253 1803 nec,
1278 1769 1359 1806 quod
1385 1768 1491 1805 sciam,
1515 1768 1643 1799 aliunde

920 1811 1027 1849 liquet.
1063 1811 1155 1840 Certe
1172 1810 1256 1840 locus
1273 1811 1305 1839 iu
1327 1810 1461 1849 Philipp.
1477 1820 1505 1846 4.
1525 1822 1555 1849 p.
1572 1821 1641 1848 141,

921 1863 962 1889 0.,
982 1853 1033 1881 11111
1058 1853 1222 1891 vectigalia
1247 1853 1382 1882 civitatis
1405 1863 1561 1882 summam
1584 1863 1642 1891 130

921 1895 1073 1925 talentum
1098 1905 1160 1924 non
1183 1906 1329 1934 superare
1350 1895 1512 1933 dicuntur,
1531 1897 1569 1924 ad
1592 1907 1642 1925 su-

920 1938 1042 1976 periora
1063 1944 1204 1976 tempora
1224 1938 1369 1976 pertinet,
1387 1937 1410 1966 si
1429 1948 1491 1976 qua
1512 1938 1642 1967 omniuo

921 1981 996 2009 tides
1023 1986 1069 2010 est
1097 1980 1231 2009 orationi
1259 1980 1315 2014 illi,
1345 1990 1438 2018 quam
1467 1981 1641 2011 orationem

922 2022 1161 2059 Valckenarius,
1190 2022 1281 2061 plane
1309 2033 1359 2051 me
1386 2023 1547 2061 probante,
1575 2033 1643 2053 sus-

920 2071 1040 2104 pectam
1062 2065 1157 2094 habet
1178 2065 1210 2093 iu
1230 2065 1294 2094 Not
1322 2066 1360 2094 ad
1384 2065 1475 2095 Orat.
1493 2076 1582 2095 suam
1604 2067 1642 2096 de

923 2107 1068 2146 Philippo
1093 2107 1216 2137 Maced.
1240 2119 1267 2146 p.
1289 2117 1359 2145 251.
1410 2107 1515 2137 Multo
1538 2109 1642 2147 potius

921 2150 1013 2179 tidem
1044 2150 1221 2179 habendam
1262 2157 1368 2188 putem
1409 2151 1529 2180 auctori
1560 2151 1643 2181 inter

922 2192 1110 2222 Plutarrhea
1133 2193 1172 2221 de
1197 2192 1279 2222 Vitis
1307 2202 1341 2222 10
1366 2192 1441 2222 Orr.
1470 2193 1529 2222 vol.
1559 2202 1584 2222 2.
1612 2204 1641 2232 p.

920 2236 980 2272 842
1007 2235 1056 2271 E„
1082 2234 1134 2273 qui
1161 2241 1281 2269 narrat,
1308 2236 1426 2264 reditus
1449 2246 1467 2264 a
1493 2235 1641 2275 Lycurgo

920 2284 1026 2306 auctos
1063 2287 1129 2307 esse
1158 2278 1197 2306 ad
1232 2286 1312 2306 1200
1344 2278 1509 2313 talentum,
1542 2289 1642 2317 quum

918 2320 1007 2358 prius
1024 2320 1156 2349 fuissent
1172 2319 1223 2349 60.
1259 2320 1340 2349 Nam
1357 2322 1555 2358 conjecturae
1572 2321 1642 2350 Me-

920 2362 994 2391 ursii
1026 2363 1064 2392 de
1094 2363 1178 2391 Fort.
1204 2363 1274 2392 Att.
1303 2373 1327 2391 c.
1357 2372 1383 2400 7.
1412 2373 1475 2391 11011
1504 2363 1641 2392 multum

920 2405 1035 2434 tribuo.
1086 2405 1119 2433 Id
1143 2415 1216 2434 vero
1240 2405 1315 2433 mihi
1342 2416 1403 2433 non
1430 2406 1561 2434 dubium
1583 2412 1639 2442 est,

922 2447 1068 2486 Lycurgi,
1086 2447 1138 2486 qui
1156 2455 1261 2476 orator
1279 2458 1332 2485 per
1353 2456 1386 2476 12
1405 2458 1504 2477 annos
1520 2449 1641 2477 aerario

919 2490 1066 2528 praefuit,
1083 2490 1389 2520 administrationem
1410 2490 1491 2519 hanc
1508 2491 1639 2529 tempori

919 2532 1141 2569 assignandam
1160 2542 1226 2561 esse
1246 2533 1387 2561 oratione
1409 2539 1516 2561 nostra
1536 2540 1639 2571 poste—

920 2574 1003 2609 riori,
1037 2574 1079 2603 ita
1117 2580 1153 2602 ut
1190 2575 1271 2602 bona
1309 2581 1382 2603 vota
1416 2574 1639 2604 Demosthenis

919 2624 1066 2645 eventum
1100 2626 1194 2644 suum
1234 2616 1428 2654 potissimum
1461 2627 1516 2655 per
1554 2616 1639 2646 huuc

919 2658 1023 2686 virum
1041 2657 1186 2686 habuissev
1203 2659 1380 2687 videantur.
1416 2658 1464 2688 De
1479 2660 1548 2697 ejus
1564 2670 1640 2689 cura

920 2699 1117 2737 vectigalium
1143 2700 1271 2738 reipubl.
1297 2700 1545 2731 f1·1u:tuosissiu=a
1570 2702 1639 2731 vide

920 2742 1063 2781 quamvis
1086 2743 1205 2771 diverse
1226 2748 1353 2771 narrata.
1375 2744 1457 2782 apud
1479 2743 1638 2773 Plutarch.

927 2794 950 2813 1.
967 2796 993 2814 0,
1023 2796 1049 2823 p.
1071 2785 1128 2820 841
1154 2785 1188 2813 13.
1218 2791 1248 2814 et
1272 2786 1330 2822 852
1353 2786 1389 2814 B.
1416 2785 1483 2814 coll.
1510 2786 1637 2825 Taylori

924 2828 1025 2857 Praef.
1048 2828 1086 2856 ad
1116 2827 1251 2866 Lycurgi
1279 2828 1368 2857 Orat.
1394 2834 1425 2858 et
1451 2828 1638 2867 u'esseliug.

921 2871 958 2899 ad
980 2869 1070 2899 Diod.
1092 2870 1152 2898 Sic..
1175 2868 1221 2905 16,
1239 2870 1289 2898 88.

456 2936 473 2950 ¹*
493 2933 593 2962 Immo
609 2933 664 2962 τὸν
682 2933 880 2971 συμμαχικὸν
897 2931 1045 2969 πόλεμον.
1071 2933 1185 2961 θ’(ἨΑ
1195 2933 1319 2962 EFER.
