1997 3256
425 138 753 179 ADVERSUS
786 138 1282 180 ARISTOGITONEM
1316 138 1349 178 I.
1536 139 1642 178 1021

611 302 666 341 [ιι
691 307 964 355 astant-nentem
990 300 1173 342 Libcmz‘zf.

194 399 287 451 767,
311 399 349 437 6.
371 397 414 436 τὸ
443 397 546 448 ἱερὸν
575 397 826 451 κυνηγέσιον]
853 397 1035 437 Videtur
1055 412 1145 436 esse
1165 396 1379 450 proprium
1400 410 1551 436 nomen
1571 395 1649 435 loci

133 453 318 507 alicujus,
351 454 546 494 WOLF.

193 512 286 563 768,
309 524 349 565 3.
374 510 576 565 τεθνάναι]
602 510 634 551 I.
659 527 697 564 q.
721 514 869 550 θανεῖν.
906 509 1157 550 SCIIAEF.

192 568 285 619 768,
308 580 368 607 10.
388 567 531 606 Deleri
554 568 681 607 verba
702 572 798 620 post
820 567 1058 616 ἀποδόμενος
1078 565 1119 604 in
1140 565 1254 605 libris
1275 565 1384 605 lecta
1404 565 1447 604 τὸ
1470 564 1647 615 πέμπτον

130 622 247 673 μέρος
281 623 333 673 μὴ
368 625 508 673 λαβὼν
543 625 800 674 (μεταλαβὼν
833 623 879 661 F.
914 627 956 662 et
992 622 1123 661 codex
1158 622 1340 675 August.
1374 621 1543 674 quintus
1578 636 1645 674 ap.

132 679 293 729 Reisk.)
318 694 411 719 cum
434 680 623 732 Tayloro,
647 680 764 732 cujus
790 680 891 719 haec
917 683 981 718 est
1011 677 1233 718 annotatio
1265 677 1464 717 “Orator
1483 692 1524 730 p.
1552 678 1645 729 784,

136 748 198 789 15.
221 735 283 776 ait
305 736 374 786 τὴν
395 736 476 776 καθ’
499 735 724 787 εΗγήμονος
747 737 1004 787 εἰσαγγελίαν
1023 734 1231 784 μέμνησαι,
1256 735 1305 775 ὡς
1330 734 1507 781 ἀπέδοτο,
1531 732 1573 772 in
1599 747 1647 772 eo

129 791 233 839 loco,
257 792 326 832 ubi
349 792 437 846 agit
460 793 510 832 de
538 792 795 846 sycophanta
817 804 958 831 onmes
985 790 1078 830 lites
1099 804 1194 829 suas
1224 794 1266 830 et
1287 789 1473 830 actiones
1498 803 1648 843 caupo-

130 853 259 888 nante
279 866 286 888 :
320 854 367 889 ut
390 849 502 889 nulla
524 847 733 888 dubitatio
755 862 844 887 esse
865 846 998 900 possit
1019 847 1070 886 de
1091 845 1281 886 lectione.
1318 846 1486 886 Interea
1505 850 1648 886 tamen

131 919 226 944 cum
251 905 407 945 Wolfio
428 905 556 945 miror
578 919 658 958 quo
679 908 803 957 pacto
824 904 925 943 haec
948 907 1142 943 constare
1162 903 1323 956 possint
1343 916 1435 941 cum
1458 901 1519 951 iis,
1543 916 1649 955 quae

131 966 374 1015 sequuntur.
422 961 571 1001 Deleto
594 961 737 1014 itaque
759 961 800 1000 τὸ
822 960 998 1010 πέμπτον
1019 960 1135 1011 μέρος
1155 959 1206 1009 μὴ
1227 960 1367 1009 λαβὼν
1389 963 1464 998 τῶν
1485 958 1646 1010 ψήφων,

131 1031 237 1070 quae
279 1019 406 1058 verba
450 1017 674 1072 adscripsit
713 1016 863 1070 aliquis
903 1016 1072 1070 ignarus
1116 1030 1247 1069 aeque
1287 1015 1396 1054 mille
1437 1015 1649 1055 drachmis

130 1074 323 1114 mulctari
359 1088 465 1123 eum,
504 1074 573 1128 qui
614 1073 823 1128 publicam
858 1073 974 1112 litem
1010 1072 1296 1126 transegisset,
1333 1086 1382 1112 ac
1421 1085 1526 1120 eum,
1564 1071 1647 1126 qui,

129 1144 279 1171 caussa
309 1131 351 1170 in
374 1131 577 1183 judicium
603 1131 798 1178 adducta,
829 1129 1018 1183 quintam
1047 1133 1211 1182 partem
1241 1127 1537 1181 suffragiorum
1564 1142 1648 1167 non

129 1187 286 1227 tulerit.
349 1187 458 1227 Vide
493 1192 787 1241 argumentum
823 1185 1025 1226 orationis
1061 1200 1094 1225 c.
1129 1184 1346 1225 Theocrin.
1385 1199 1424 1238 p.
1453 1196 1572 1238 1321.
1604 1189 1648 1224 et

129 1243 363 1283 orationem
399 1244 533 1298 ipsam
569 1259 610 1297 p.
638 1255 757 1297 1323.
786 1257 847 1296 19.
885 1244 954 1282 ἐὰν
991 1240 1156 1291 ἐπεξιών
1190 1258 1247 1283 τις
1280 1241 1332 1291 μὴ
1366 1240 1572 1295 μεταλάβῃ
1604 1241 1648 1280 τὸ

128 1298 304 1349 πέμπτον
328 1300 444 1351 μέρος
470 1305 546 1340 τῶν
573 1300 735 1352 ψήφων,
765 1301 897 1352 χιλίας
926 1299 1135 1339 ἀποτίνειν·
1169 1297 1240 1337 κᾶν
1264 1298 1316 1347 μὴ
1343 1296 1487 1347 ἐπεξίῃ,
1516 1298 1650 1350 χιλίας

130 1355 262 1407 ἑτέρας
282 1358 346 1396 ἵνα
366 1356 461 1407 μήτε
483 1357 708 1411 συκοφαντῇ
731 1357 862 1406 μηδεὶς
882 1360 962 1395 etc.
1006 1354 1261 1408 Hujusmodi
1282 1354 1469 1394 homines
1491 1353 1532 1393 in
1548 1353 1644 1407 jure

129 1411 320 1453 Romano
341 1413 594 1467 compescuit
617 1412 773 1453 SCtum
796 1411 1122 1466 Turpilianum.”

189 1471 283 1522 768,
312 1471 372 1509 16.
403 1471 529 1523 τάξιν]
557 1469 612 1509 V.
640 1469 694 1509 ad
723 1484 761 1522 p.
787 1480 879 1522 715,
907 1480 942 1509 2.
988 1467 1103 1508 Infra
1133 1483 1172 1521 p.
1203 1477 1325 1520 1327,
1347 1478 1386 1520 5.
1417 1466 1648 1516 κατετάξατο

129 1527 226 1577 ὑπὲρ
277 1527 394 1566 αὑτοῦ
445 1527 506 1566 καὶ
555 1529 623 1566 τοῦ
673 1527 861 1577 ἀδελφοῦ.
923 1524 1044 1576 Quod
1094 1524 1145 1564 de
1195 1523 1342 1564 eadem
1390 1538 1435 1564 re
1483 1522 1648 1563 dicitur.

133 1582 394 1622 TAYLOR.

189 1639 285 1692 768,
315 1638 374 1678 18.
398 1639 441 1678 τὸ
465 1638 687 1689 ἐπιβάλλον
707 1638 837 1691 μέρος]
864 1638 1014 1677 Ratam
1027 1638 1260 1691 portionem.
1309 1636 1649 1689 Uniuscujusque

128 1694 227 1735 anni
263 1695 305 1734 τὸ
349 1694 572 1745 ἐπιβάλλον
610 1696 726 1748 μέρος
761 1700 854 1736 erat
894 1694 1103 1735 talentum
1139 1707 1267 1735 unum
1305 1707 1400 1733 cum
1441 1691 1649 1733 drachmis

131 1751 333 1792 ducentis.
367 1751 445 1791 TA
452 1751 626 1792 YLOR.

190 1946 283 1989 770,
315 1951 354 1987 4.
386 1936 792 1988 ὑπερδιατεινόμενον]
841 1935 1029 1974 Verbum
1061 1931 1282 1986 aliquoties
1313 1933 1563 1984 usurpatum
1593 1930 1647 1970 ab

133 1991 330 2042 Luciano‚
354 1992 628 2033 Demostheni
649 2008 686 2046 p.
710 2003 806 2046 50],
829 2005 868 2046 3.
891 1991 1052 2031 illatum
1072 1989 1114 2029 in
1134 1988 1250 2029 libris
1271 1986 1549 2028 deterioribus
1570 2000 1647 2040 pro

132 2050 432 2100 διατεινόμενος.

191 2116 284 2159 770,
308 2119 347 2160 5.
371 2105 573 2146 Deleatur
594 2120 756 2145 comma
776 2109 872 2159 post
896 2105 1044 2156 ἀγνοεῖ.

188 2163 311 2215 παρὰ]
341 2165 402 2202 διὰ
431 2161 453 2212 ἢ
487 2164 582 2202 κατὰ
611 2161 768 2202 Bodlei.
798 2160 965 2201 Inscite.
999 2158 1260 2199 TAYLOR.
1293 2160 1355 2198 διὰ
1386 2156 1553 2211 quidem
1583 2160 1649 2196 est

130 2217 234 2259 scite
265 2218 595 2273 interpretantis.
641 2218 695 2258 V.
724 2218 901 2273 praefat.
932 2217 987 2257 ad
1017 2216 1176 2257 Juliani
1208 2214 1327 2255 Orat.
1355 2214 1397 2255 in
1427 2213 1647 2254 Constant.

130 2274 242 2315 laud.
264 2291 304 2329 p.
328 2276 366 2316 8.
400 2276 427 2315 S
456 2275 652 2315 *HAEE

191 2342 284 2385 770,
308 2344 346 2382 7.
370 2333 498 2384 ἐστιν]
525 2332 635 2371 ἔσται
656 2331 812 2371 mavult
835 2330 1071 2369 Dobraeus.

191 2399 286 2441 770,
315 2402 376 2427 Il.
407 2387 645 2440 ἀκροάσεως]
667 2387 851 2427 Videtur
878 2386 956 2425 hoc
986 2384 1231 2425 vocabulum
1263 2383 1301 2422 h.
1329 2382 1354 2422 l.
1384 2382 1497 2422 illam
1524 2381 1648 2436 signi-

130 2444 257 2485 ficare
297 2444 630 2492 oblectationem,
674 2458 780 2496 quae
820 2442 1006 2482 nascitur
1045 2456 1097 2481 ex
1136 2438 1351 2480 audientia
1392 2438 1568 2478 dicentis
1604 2442 1648 2478 et

131 2501 369 2556 spectaculo
397 2500 588 2555 agentis:
620 2499 729 2539 unde
758 2500 907 2539 ductus
936 2512 1100 2551 quoque
1129 2502 1192 2537 est
1216 2509 1315 2535 usus
1338 2495 1514 2535 Latinus
1536 2494 1648 2534 vocis

130 2572 335 2607 acroama,
367 2572 448 2611 quo
480 2556 762 2610 spectaculum
794 2570 913 2596 omne
948 2554 1155 2607 designat,
1190 2552 1299 2593 unde
1331 2551 1478 2592 animis
1512 2551 1647 2591 oblec-

130 2614 239 2655 tatio
261 2629 332 2654 seu
353 2628 426 2668 per
448 2613 587 2653 oculos
607 2627 678 2653 seu
700 2627 774 2666 per
801 2626 922 2652 aures
944 2610 1169 2665 quaeritur.
1234 2608 1390 2648 Locum
1410 2608 1519 2647 hunc
1540 2607 1646 2647 citat

132 2670 344 2711 Aristides
374 2670 495 2722 Τέχν.
530 2685 569 2723 p.
600 2669 694 2720 248.
730 2668 924 2708 REISK.
978 2664 1369 2717 ἔθους-ἀκροάσεως
1404 2663 1647 2717 simpliciter

131 2726 367 2782 significat:
403 2727 511 2780 quod
543 2726 603 2766 ita
633 2725 889 2765 consuetudo
919 2723 1055 2777 poscit
1081 2727 1211 2777 utque
1241 2734 1312 2761 vos
1343 2719 1432 2774 (qui
1462 2733 1552 2759 mos
1581 2723 1646 2759 est

127 2784 327 2837 judicum,
350 2783 593 2838 priusquam
613 2782 757 2822 ineant
778 2780 1039 2833 suffragium)
1062 2777 1255 2819 audiatis.
1307 2776 1374 2816 De
1395 2774 1647 2816 acroamatis

133 2855 239 2894 quae
261 2840 457 2881 dicuntur
476 2854 558 2879 non
580 2838 862 2893 cogitandum.
896 2835 1146 2877 SGHAEF.

192 2907 286 2950 770,
313 2910 376 2937 12.
407 2895 575 2950 οἴκοθεν]
604 2897 800 2949 Vestmpte
828 2899 974 2947 sponte,
1001 2891 1137 2933 sumtis
1163 2905 1182 2931 e
1208 2888 1387 2930 vobismet
1416 2888 1513 2942 zspsz's
1531 2887 1645 2941 judi-

133 2953 257 2994 cande·
283 2953 432 2994 caussis
451 2951 751 3006 rationibusque.
787 2948 1036 2991 SCHAEF.
