1997 3256
529 153 850 193 ADVERSUS
886 153 1210 194 LEPTINEM.
1543 154 1621 194 681

116 252 253 291 ficium
281 251 459 290 doceret.
522 250 606 290 Nec
634 251 769 290 minus
796 252 893 291 illud
920 252 1156 299 artificiose,
1186 252 1295 305 quod
1327 265 1434 291 nunc
1461 253 1627 291 demum

116 308 170 346 ad
191 307 268 345 hoc
289 310 581 359 argumentum
603 307 804 354 ducimur,
824 308 997 360 ducique
1020 308 1206 348 videmur
1226 313 1461 360 temporum
1482 307 1626 347 ordine

115 362 249 414 magis
278 376 401 414 quam
432 361 571 413 aliquo
601 362 770 401 consilio
802 363 992 402 oratoris.
1054 364 1204 415 Neque
1232 368 1372 402 tamen
1397 363 1503 402 ullus
1535 367 1628 402 erat

116 417 210 456 huic
235 421 482 469 argumento
507 418 620 456 locus
648 418 780 469 magis
809 418 993 458 idoneus.
1059 418 1287 458 Praeterea
1315 418 1402 470 ipse
1423 418 1627 457 transitus

117 477 252 512 artem
277 473 418 520 habet,
442 487 567 524 quain
595 473 697 513 scite
727 478 847 513 notat
874 473 1058 513 scholion
1086 474 1176 512 eod.
1200 474 1300 512 Bav.
1330 474 1388 512 Τὸ
1411 476 1543 525 σχῆμα
1566 476 1629 522 τῆς

116 527 370 577 μεταβάσεως
394 527 493 567 πάνυ
516 530 751 578 θαυμαστόν·
783 529 826 567 τὸ
849 531 922 580 γὰρ
949 529 1000 578 μὴ
1029 530 1070 567 ἐκ
1097 530 1310 579 περιβολῆς
1336 530 1430 577 μηδὲ
1459 535 1629 579 πεφρον-

117 582 307 632 τισμένως
337 583 577 631 ποιήσασθαι
607 584 676 633 τὴν
707 584 832 635 ἀρχὴν
863 585 1048 633 ἀφείλετο
1079 584 1148 631 τὴν
1177 584 1367 622 ὑπόνοιαν
1397 586 1464 621 τοῦ
1500 586 1629 622 δοκεῖν

117 638 212 688 πρὸς
237 638 351 689 χάριν
376 639 472 689 ὑπὲρ
497 642 563 677 τοῦ
592 640 769 689 Χαβρίου
794 638 928 679 παιδὸς
953 638 1085 689 λέγειν
1111 655 1143 677 κ.
1161 655 1194 677 τ.
1211 643 1249 676 λ.
1284 638 1332 676 F.
1356 639 1411 676 A.
1436 637 1628 676 WOLF.

120 692 205 731 Vix
239 707 363 739 erres,
396 693 429 731 si
466 693 685 746 suspiceris
718 693 944 746 Leptineae
977 707 1122 745 reapse
1152 706 1235 731 non
1265 692 1376 731 aliud
1413 692 1630 731 consilium

117 748 244 787 fuisse
276 763 400 801 quam
421 754 468 788 ut
497 754 640 788 orator
661 748 997 801 patrocinaretur
1018 747 1158 800 nepoti
1179 747 1471 801 perditissimo.
1509 747 1630 787 Adeo

120 803 425 843 Demosthenes
456 804 496 843 h.
523 805 548 843 l.
577 818 718 843 onmes
751 818 898 842 nervos
931 803 1123 850 intendit,
1158 803 1263 842 adeo
1295 803 1398 842 totis
1431 802 1631 842 lateribus

118 859 370 912 lacertisque
401 859 599 898 luctatur.
653 859 739 898 Nec
766 859 929 897 mirum.
986 858 1143 898 Caussa
1174 858 1282 897 enim
1312 859 1519 911 agebatur
1548 872 1632 897 non

119 914 301 966 optima:
335 914 515 953 tuendus
546 918 637 954 erat
666 928 800 967 ganeo
830 913 1191 967 profligatissimae
1223 914 1391 954 ἀσωτίας
1423 914 1484 953 καὶ
1515 930 1633 952 κιναι-

120 970 213 1010 δίας.
276 970 396 1019 Quod
422 969 555 1022 ipsum
583 969 748 1009 videtur
777 969 1006 1022 perpulisse
1035 973 1245 1008 oratorem
1276 972 1324 1007 ut
1351 968 1634 1007 adversarium

120 1024 241 1064 solito
271 1025 401 1064 lenius
427 1030 645 1064 tractaret.
708 1025 858 1071 Aliter,
887 1025 957 1063 sed
986 1024 1053 1063 vix
1082 1023 1365 1077 probabiliter,
1389 1024 1440 1063 de
1467 1023 1633 1063 homine

122 1079 303 1119 W'olfius
328 1080 367 1119 in
393 1080 557 1133 Proleg.
579 1095 618 1133 p.
641 1093 692 1133 53
718 1094 778 1132 sq.
812 1079 1063 1120 SGHAEF.

175 1147 272 1187 479,
307 1136 345 1174 8.
389 1136 622 1175 Deleantur
657 1140 865 1175 commata
900 1135 1050 1187 quibus
1090 1135 1217 1174 verba
1254 1134 1302 1173 ἂν
1337 1135 1480 1184 ἀληθὲς
1512 1133 1536 1188 ᾗ
1573 1134 1633 1173 in-

121 1191 235 1230 clusa
254 1195 364 1239 sunt,
389 1206 493 1243 quae
517 1191 762 1231 Schaeferus
783 1194 896 1230 recte
918 1191 1223 1243 interpretatur
1244 1203 1424 1228 verumne
1445 1190 1513 1229 sit.

178 1247 221 1285 τὸ
244 1250 421 1297 φανερῶς
441 1249 509 1285 τοῦ
530 1247 674 1299 λάθρα]
702 1246 866 1285 Scilicet
886 1246 1068 1297 πράττειν
1090 1247 1232 1284 ὁτιοῦν.
1276 1244 1528 1284 SCHAEF.

177 1313 273 1353 479,
300 1315 363 1340 10.
387 1302 796 1353 παρακρουσαμένους]
826 1301 1038 1340 Premitur
1066 1300 1372 1353 quodammodo
1402 1299 1636 1340 Themisto-

122 1356 195 1396 clis
223 1357 381 1396 factum
409 1356 641 1410 significatu
669 1356 834 1395 humilis
861 1356 1030 1405 fraudis,
1055 1355 1124 1409 qui
1152 1355 1246 1394 huic
1275 1355 1400 1394 verbo
1431 1355 1635 1395 adhaeret

121 1426 172 1451 ex
193 1411 350 1465 origine
371 1427 458 1452 sua.
503 1413 554 1452 F.
581 1413 634 1451 A.
657 1412 848 1451 WOLF.

177 1477 273 1519 479,
299 1480 361 1507 ¹21.
395 1470 479 1507 ἴστε
509 1468 582 1518 μὲν
613 1468 681 1507 οὖν
712 1469 806 1509 ἴσως
837 1485 869 1506 κ.
886 1484 920 1506 τ.
943 1467 1002 1519 λ.]
1032 1466 1147 1506 Citat
1175 1466 1213 1505 h.
1237 1465 1262 1504 l.
1286 1465 1499 1505 Aristides
1525 1466 1571 1505 T.
1593 1481 1635 1519 p.

124 1523 217 1562 260.
247 1522 441 1562 REISK.

178 1589 275 1629 479,
311 1591 375 1619 22.
416 1579 461 1619 οὐ
500 1578 757 1632 μὴν-αὐτῷ]
803 1578 947 1619 Citant
989 1577 1149 1617 Anecd.
1191 1576 1323 1616 Bekk.
1365 1590 1405 1629 p.
1447 1585 1537 1628 137,
1575 1577 1638 1615 18.

178 1701 274 1742 479,
301 1703 322 1731 2
326 1703 363 1742 5.
391 1691 485 1739 ὑμᾶς
514 1690 631 1743 ἔχων]
656 1690 872 1740 Quomodo
901 1703 973 1729 vos
1001 1689 1215 1736 habentes,
1239 1687 1445 1740 quomodo
1474 1701 1638 1741 compa-

121 1749 250 1793 ratos,
282 1744 324 1783 in
355 1750 513 1798 quanta
547 1759 685 1785 rerum
721 1745 903 1784 omnium
935 1745 1088 1797 inopia,
1121 1747 1280 1796 quanta
1313 1742 1557 1782 infirmitate
1594 1747 1637 1782 et

122 1800 353 1840 animorum
376 1800 618 1853 dejectione.
642 1800 836 1839 REISK.
889 1800 1033 1838 Unum
1053 1801 1150 1849 ὑμᾶς
1172 1797 1347 1850 intelligi
1369 1798 1520 1837 debere
1541 1800 1637 1847 ὑμᾶς

121 1856 275 1905 μόνους,
298 1855 500 1895 evincitur
520 1855 724 1909 oppositis
745 1855 891 1903 verbis,
911 1869 1015 1907 quae
1036 1854 1232 1894 continuo
1253 1853 1477 1900 adduntur,
1501 1859 1638 1892 contra

123 1910 425 1963 Peloponnesios
445 1925 582 1950 omnes.
645 1911 727 1949 Sed
749 1910 847 1949 illud
868 1912 964 1959 ὑμᾶς
986 1910 1101 1961 ἔχων,
1124 1910 1164 1947 11.
1183 1923 1217 1948 e.
1240 1922 1266 1947 a
1287 1907 1392 1947 vobis
1411 1908 1502 1947 solis
1523 1908 1638 1947 comi-

123 1971 238 2013 tatus,
257 1980 345 2005 cum
365 1966 455 2005 unis
476 1966 599 2017 copiis
619 1966 768 2012 vestris,
791 1965 924 2018 magis
946 1964 1128 2004 oratorie
1151 1964 1308 2002 dictum
1330 1962 1495 2002 videtur
1516 1977 1641 2014 quam

124 2034 175 2059 ex
197 2021 385 2060 veritate.
449 2021 569 2070 Quod
596 2020 794 2060 historias
823 2020 865 2059 in
886 2021 926 2059 h.
943 2020 969 2059 l.
991 2019 1159 2067 attinet,
1181 2022 1350 2071 praeter
1376 2018 1636 2070 Xenophon-

123 2080 222 2122 tem,
245 2076 314 2128 qui
341 2090 410 2115 eas
438 2076 574 2114 minus
602 2080 797 2115 accurate
824 2074 1022 2127 prodidit,
1045 2074 1138 2113 vide
1160 2074 1335 2112 Diodor.
1363 2086 1424 2124 15,
1450 2084 1500 2124 25
1525 2086 1638 2125 seqq.

125 2136 167 2170 et
193 2131 345 2183 Nepet.
369 2131 605 2179 Chabriam,
629 2131 741 2183 quod
765 2131 965 2182 scriptum
992 2134 1135 2169 tamen
1163 2132 1301 2167 totum
1319 2127 1501 2180 jejunius
1531 2141 1640 2166 eom-

124 2186 301 2238 pilatum
329 2191 433 2239 puto
465 2200 486 2225 e
514 2186 793 2239 Theopompo.
856 2186 938 2224 Res
970 2198 1152 2223 summas
1182 2188 1230 2222 ut
1259 2182 1500 2222 brevissime
1531 2196 1639 2221 com-

124 2242 295 2294 plectar,
328 2246 425 2295 post
457 2242 623 2281 Thebas
654 2255 731 2294 ope
761 2240 997 2292 Pelopidae,
1030 2238 1223 2278 Mellonis
1254 2237 1510 2289 aliorumque
1541 2237 1640 2276 libe-

125 2301 240 2336 ratas
275 2301 403 2349 atque
435 2296 655 2336 Piraeeum
687 2311 713 2335 a
745 2295 953 2348 Sphodria
985 2298 1235 2347 occupatum
1271 2292 1474 2340 Thebani,
1506 2292 1641 2331 Athe-

126 2351 287 2391 nienses
315 2357 359 2392 et
385 2352 491 2392 aliae
518 2356 665 2405 gentes
694 2351 895 2390 Graeciae
918 2350 1080 2403 Olymp.
1103 2361 1193 2396 100,
1215 2361 1254 2397 4.
1279 2347 1522 2386 societatem
1543 2347 1640 2386 belli

126 2412 277 2446 co'e'unt
304 2412 451 2447 contra
481 2406 845 2452 Lacedaemonios,
868 2405 937 2458 qui
964 2403 1161 2444 resumtis
1187 2402 1342 2441 viribus
1367 2406 1467 2441 tunc
1495 2416 1638 2454 super-

125 2462 218 2501 bius
257 2463 594 2502 dominabantur.
673 2461 833 2500 Bellum
880 2459 1150 2500 administrat
1190 2457 1404 2503 Chabrias,
1448 2456 1517 2508 qui
1552 2457 1641 2508 jam

128 2517 289 2571 Olymp.
320 2519 386 2570 96,
412 2530 451 2567 4.
482 2517 590 2556 bello
622 2515 892 2556 Corinthiaco
923 2515 1070 2554 ducem
1099 2513 1251 2552 fortem
1282 2526 1324 2550 se
1354 2511 1639 2563 praestiterat,

127 2569 300 2612 cum‘eo
332 2572 588 2619 Timotheus,
622 2570 802 2610 Cononis
832 2570 952 2617 filius,
982 2573 1025 2608 et
1055 2567 1332 2613 Callistratus,
1365 2570 1509 2604 orator
1538 2565 1642 2605 alias

127 2628 288 2667 nobilis.
351 2628 527 2673 Eodem,
559 2641 640 2679 quo
667 2626 819 2665 bellum
847 2624 1018 2671 exarsit,
1047 2636 1156 2662 anno
1184 2622 1233 2660 fit
1262 2634 1402 2673 pugna
1432 2620 1500 2659 illa
1530 2621 1642 2672 apud

130 2683 308 2729 Thebas,
326 2688 426 2722 noto
444 2681 650 2722 Chabriae
673 2684 972 2733 strategemate
990 2676 1174 2730 insignis,
1192 2680 1236 2715 et
1251 2676 1343 2722 alia,
1362 2675 1507 2714 eodem
1525 2675 1640 2723 duce,

128 2739 240 2791 apud
272 2738 439 2778 Naxum
468 2736 639 2783 navali&
671 2736 786 2788 cujus
816 2733 991 2774 victoria
1020 2732 1173 2784 ubique
1205 2730 1455 2773 celebratur,
1489 2729 1641 2783 quippe

129 2807 155 2832 a
181 2793 288 2832 bello
315 2792 617 2845 Peloponnesio
649 2791 798 2843 prima,
824 2803 949 2841 quam
977 2787 1174 2826 Athenae
1202 2784 1379 2838 propriis
1407 2783 1564 2823 viribus
1591 2799 1643 2824 ex

133 2848 444 2888 Lacedaemone
474 2847 721 2887 retulerunt.
784 2844 883 2883 Vid.
916 2843 1090 2882 Diodor.
1119 2851 1180 2893 15,
1204 2853 1227 2893 3
1233 2850 1271 2892 5.
1319 2839 1537 2878 Plutarch.
1565 2839 1642 2879 Ca-

130 2902 227 2943 mill.
260 2918 302 2956 p.
324 2904 400 2956 138
428 2902 476 2942 Β.
507 2906 550 2942 et
582 2901 711 2941 Phoc.
742 2915 782 2953 p.
805 2911 887 2951 744
915 2899 961 2939 C.
993 2895 1193 2937 Graeciae
1223 2893 1364 2948 populi
1395 2893 1473 2933 etsi
1505 2894 1643 2933 LXX
