<?xml version="1.0" encoding="UTF-8"?>
<!DOCTYPE html PUBLIC "-//W3C//DTD XHTML 1.0 Transitional//EN"
    "http://www.w3.org/TR/xhtml1/DTD/xhtml1-transitional.dtd">
<html xmlns="http://www.w3.org/1999/xhtml" xml:lang="en" lang="en">
 <head>
  <title>
</title>
<meta http-equiv="Content-Type" content="text/html;charset=utf-8" />
  <meta name='ocr-system' content='tesseract 3.04.00' />
  <meta name='ocr-capabilities' content='ocr_page ocr_carea ocr_par ocr_line ocrx_word'/>
</head>
<body>
  <div class='ocr_page' id='page_1' title='image "./operaexrecension06demouoft/operaexrecension06demouoft_0194.png"; bbox 0 0 1997 3256; ppageno 0'>
   <div class='ocr_carea' id='block_1_1' title="bbox 340 154 1280 198">
    <p class='ocr_par' dir='ltr' id='par_1_1' title="bbox 340 154 1280 198">
     <span class='ocr_line' id='line_1_1' title="bbox 340 154 1280 198; baseline -0.001 -2"><span class='ocrx_word' id='word_1_1' title='bbox 340 157 425 198; x_wconf 75' lang='grc'>780</span> <span class='ocrx_word' id='word_1_2' title='bbox 928 154 993 193; x_wconf 89' lang='grc' dir='ltr'>ΙΝ</span> <span class='ocrx_word' id='word_1_3' title='bbox 1027 154 1280 195; x_wconf 77' lang='lat' dir='ltr'>MIDIAM.</span> 
     </span>
    </p>
   </div>
   <div class='ocr_carea' id='block_1_2' title="bbox 338 256 1863 3009">
    <p class='ocr_par' dir='ltr' id='par_1_2' title="bbox 338 256 1863 2167">
     <span class='ocr_line' id='line_1_2' title="bbox 340 256 1860 314; baseline -0.003 -13"><span class='ocrx_word' id='word_1_4' title='bbox 340 260 555 314; x_wconf 86' lang='lat' dir='ltr'>complura</span> <span class='ocrx_word' id='word_1_5' title='bbox 583 257 766 305; x_wconf 74' lang='lat' dir='ltr'>exhibet,</span> <span class='ocrx_word' id='word_1_6' title='bbox 789 257 891 297; x_wconf 85' lang='lat' dir='ltr'>haec</span> <span class='ocrx_word' id='word_1_7' title='bbox 920 256 1048 296; x_wconf 85' lang='lat' dir='ltr'>etiarn</span> <span class='ocrx_word' id='word_1_8' title='bbox 1075 256 1233 309; x_wconf 77' lang='lat' dir='ltr'>scripta</span> <span class='ocrx_word' id='word_1_9' title='bbox 1262 261 1382 296; x_wconf 85' lang='lat' dir='ltr'>sunt:</span> <span class='ocrx_word' id='word_1_10' title='bbox 1422 258 1441 295; x_wconf 83' lang='lat'><em>6</em></span> <span class='ocrx_word' id='word_1_11' title='bbox 1471 258 1512 296; x_wconf 80' lang='grc' dir='ltr'>δὲ</span> <span class='ocrx_word' id='word_1_12' title='bbox 1542 259 1772 298; x_wconf 77' lang='grc' dir='ltr'>Δωδωναῖος</span> <span class='ocrx_word' id='word_1_13' title='bbox 1798 258 1860 296; x_wconf 84' lang='grc' dir='ltr'>καὶ</span> 
     </span>
     <span class='ocr_line' id='line_1_3' title="bbox 339 312 1859 366; baseline -0.003 -10"><span class='ocrx_word' id='word_1_14' title='bbox 339 325 447 358; x_wconf 84' lang='grc' dir='ltr'>ναϊος</span> <span class='ocrx_word' id='word_1_15' title='bbox 483 315 568 366; x_wconf 84' lang='grc'>(819,</span> <span class='ocrx_word' id='word_1_16' title='bbox 603 314 691 353; x_wconf 82' lang='grc'>81119</span> <span class='ocrx_word' id='word_1_17' title='bbox 726 317 914 361; x_wconf 79' lang='grc'>1199911111,</span> <span class='ocrx_word' id='word_1_18' title='bbox 947 317 995 352; x_wconf 83' lang='grc'>111</span> <span class='ocrx_word' id='word_1_19' title='bbox 1028 312 1201 362; x_wconf 66' lang='lat' dir='ltr'>emmas)</span> <span class='ocrx_word' id='word_1_20' title='bbox 1238 314 1386 362; x_wconf 79' lang='grc' dir='ltr'>ὑδρηλὰ</span> <span class='ocrx_word' id='word_1_21' title='bbox 1418 314 1493 363; x_wconf 77' lang='grc' dir='ltr'>γὰρ</span> <span class='ocrx_word' id='word_1_22' title='bbox 1526 315 1573 351; x_wconf 78' lang='grc' dir='ltr'>τὰ</span> <span class='ocrx_word' id='word_1_23' title='bbox 1605 314 1687 352; x_wconf 84' lang='grc' dir='ltr'>ἐκεῖ</span> <span class='ocrx_word' id='word_1_24' title='bbox 1723 314 1859 365; x_wconf 84' lang='grc' dir='ltr'>χωρία.</span> 
     </span>
     <span class='ocr_line' id='line_1_4' title="bbox 340 367 1861 424; baseline -0.003 -12"><span class='ocrx_word' id='word_1_25' title='bbox 340 373 456 424; x_wconf 71' lang='lat' dir='ltr'>Quae</span> <span class='ocrx_word' id='word_1_26' title='bbox 487 370 690 411; x_wconf 85' lang='lat' dir='ltr'>derivatio</span> <span class='ocrx_word' id='word_1_27' title='bbox 722 369 808 409; x_wconf 84' lang='lat' dir='ltr'>sive</span> <span class='ocrx_word' id='word_1_28' title='bbox 838 383 935 409; x_wconf 76' lang='lat' dir='ltr'>vera</span> <span class='ocrx_word' id='word_1_29' title='bbox 967 374 1031 408; x_wconf 88' lang='lat' dir='ltr'>est</span> <span class='ocrx_word' id='word_1_30' title='bbox 1067 367 1150 407; x_wconf 83' lang='lat' dir='ltr'>sive</span> <span class='ocrx_word' id='word_1_31' title='bbox 1182 382 1277 413; x_wconf 88' lang='lat' dir='ltr'>non,</span> <span class='ocrx_word' id='word_1_32' title='bbox 1312 382 1454 407; x_wconf 83' lang='lat' dir='ltr'>verum</span> <span class='ocrx_word' id='word_1_33' title='bbox 1489 368 1566 407; x_wconf 88' lang='grc'>1109</span> <span class='ocrx_word' id='word_1_34' title='bbox 1599 373 1740 407; x_wconf 81' lang='lat' dir='ltr'>tamen</span> <span class='ocrx_word' id='word_1_35' title='bbox 1771 383 1861 408; x_wconf 89' lang='lat' dir='ltr'>esse</span> 
     </span>
     <span class='ocr_line' id='line_1_5' title="bbox 338 423 1859 478; baseline -0.003 -10"><span class='ocrx_word' id='word_1_36' title='bbox 338 442 489 468; x_wconf 83' lang='lat' dir='ltr'>nomen</span> <span class='ocrx_word' id='word_1_37' title='bbox 512 428 785 467; x_wconf 82' lang='lat' dir='ltr'>demonstrat.</span> <span class='ocrx_word' id='word_1_38' title='bbox 848 425 1083 478; x_wconf 80' lang='lat' dir='ltr'>Epitheton</span> <span class='ocrx_word' id='word_1_39' title='bbox 1112 423 1241 477; x_wconf 63' lang='lat' dir='ltr'>igitur</span> <span class='ocrx_word' id='word_1_40' title='bbox 1264 423 1293 462; x_wconf 83' lang='lat' dir='ltr'>-J</span> <span class='ocrx_word' id='word_1_41' title='bbox 1297 423 1382 462; x_wconf 81' lang='lat' dir='ltr'>ovis</span> <span class='ocrx_word' id='word_1_42' title='bbox 1412 438 1533 477; x_wconf 91' lang='lat' dir='ltr'>quem</span> <span class='ocrx_word' id='word_1_43' title='bbox 1560 423 1684 463; x_wconf 86' lang='lat' dir='ltr'>ceteri</span> <span class='ocrx_word' id='word_1_44' title='bbox 1709 424 1859 463; x_wconf 77' lang='lat' dir='ltr'>Graeci</span> 
     </span>
     <span class='ocr_line' id='line_1_6' title="bbox 342 480 1857 536; baseline -0.004 -11"><span class='ocrx_word' id='word_1_45' title='bbox 342 488 579 525; x_wconf 75' lang='grc' dir='ltr'>Δωδωναῖον</span> <span class='ocrx_word' id='word_1_46' title='bbox 608 482 877 536; x_wconf 76' lang='lat' dir='ltr'>appellabant</span> <span class='ocrx_word' id='word_1_47' title='bbox 908 481 950 520; x_wconf 90' lang='lat' dir='ltr'>in</span> <span class='ocrx_word' id='word_1_48' title='bbox 974 480 1066 533; x_wconf 85' lang='lat' dir='ltr'>ipsa</span> <span class='ocrx_word' id='word_1_49' title='bbox 1088 480 1418 533; x_wconf 87' lang='lat' dir='ltr'>Thesprotorum</span> <span class='ocrx_word' id='word_1_50' title='bbox 1441 484 1554 519; x_wconf 87' lang='lat' dir='ltr'>terra</span> <span class='ocrx_word' id='word_1_51' title='bbox 1579 480 1657 519; x_wconf 87' lang='lat' dir='ltr'>fuit</span> <span class='ocrx_word' id='word_1_52' title='bbox 1680 482 1699 518; x_wconf 93' lang='lat'><em>6</em></span> <span class='ocrx_word' id='word_1_53' title='bbox 1724 480 1857 521; x_wconf 80' lang='grc' dir='ltr'>Νάϊος.</span> 
     </span>
     <span class='ocr_line' id='line_1_7' title="bbox 340 535 1861 590; baseline -0.005 -9"><span class='ocrx_word' id='word_1_54' title='bbox 340 541 366 581; x_wconf 85' lang='lat' dir='ltr'><strong>J</strong></span> <span class='ocrx_word' id='word_1_55' title='bbox 370 555 438 581; x_wconf 89' lang='lat' dir='ltr'>am</span> <span class='ocrx_word' id='word_1_56' title='bbox 460 554 553 579; x_wconf 88' lang='lat' dir='ltr'>cum</span> <span class='ocrx_word' id='word_1_57' title='bbox 573 538 769 578; x_wconf 85' lang='lat' dir='ltr'>facillima</span> <span class='ocrx_word' id='word_1_58' title='bbox 798 538 853 578; x_wconf 90' lang='lat' dir='ltr'>sit</span> <span class='ocrx_word' id='word_1_59' title='bbox 884 537 925 576; x_wconf 91' lang='lat' dir='ltr'>in</span> <span class='ocrx_word' id='word_1_60' title='bbox 946 536 1173 590; x_wconf 76' lang='lat' dir='ltr'>antiquiori</span> <span class='ocrx_word' id='word_1_61' title='bbox 1203 535 1413 589; x_wconf 85' lang='lat' dir='ltr'>scriptura</span> <span class='ocrx_word' id='word_1_62' title='bbox 1440 535 1679 575; x_wconf 88' lang='lat' dir='ltr'>litterarum</span> <span class='ocrx_word' id='word_1_63' title='bbox 1702 537 1733 575; x_wconf 88' lang='lat' dir='ltr'><em>I</em></span> <span class='ocrx_word' id='word_1_64' title='bbox 1755 541 1797 575; x_wconf 88' lang='lat' dir='ltr'>et</span> <span class='ocrx_word' id='word_1_65' title='bbox 1819 537 1861 575; x_wconf 77' lang='lat' dir='ltr'><em>P</em></span> 
     </span>
     <span class='ocr_line' id='line_1_8' title="bbox 340 591 1860 646; baseline -0.004 -10"><span class='ocrx_word' id='word_1_66' title='bbox 340 597 552 637; x_wconf 86' lang='lat' dir='ltr'>confusio:</span> <span class='ocrx_word' id='word_1_67' title='bbox 587 594 928 634; x_wconf 79' lang='lat' dir='ltr'>verisimillimum</span> <span class='ocrx_word' id='word_1_68' title='bbox 952 607 1040 633; x_wconf 86' lang='lat' dir='ltr'>esse</span> <span class='ocrx_word' id='word_1_69' title='bbox 1062 597 1175 646; x_wconf 73' lang='lat' dir='ltr'>puto,</span> <span class='ocrx_word' id='word_1_70' title='bbox 1195 597 1440 645; x_wconf 88' lang='lat' dir='ltr'>corruptum</span> <span class='ocrx_word' id='word_1_71' title='bbox 1457 606 1546 631; x_wconf 88' lang='lat' dir='ltr'>esse</span> <span class='ocrx_word' id='word_1_72' title='bbox 1568 591 1668 631; x_wconf 88' lang='lat' dir='ltr'>illud</span> <span class='ocrx_word' id='word_1_73' title='bbox 1689 596 1740 630; x_wconf 88' lang='grc' dir='ltr'><em>τῶ</em></span> <span class='ocrx_word' id='word_1_74' title='bbox 1758 609 1860 642; x_wconf 90' lang='grc' dir='ltr'>ναρω</span> 
     </span>
     <span class='ocr_line' id='line_1_9' title="bbox 340 649 1860 705; baseline -0.005 -12"><span class='ocrx_word' id='word_1_75' title='bbox 340 668 392 693; x_wconf 83' lang='lat' dir='ltr'>ex</span> <span class='ocrx_word' id='word_1_76' title='bbox 419 652 594 705; x_wconf 86' lang='lat' dir='ltr'>antiquo</span> <span class='ocrx_word' id='word_1_77' title='bbox 623 656 665 691; x_wconf 84' lang='lat' dir='ltr'>et</span> <span class='ocrx_word' id='word_1_78' title='bbox 687 665 784 690; x_wconf 81' lang='lat' dir='ltr'>vero</span> <span class='ocrx_word' id='word_1_79' title='bbox 813 652 864 703; x_wconf 76' lang='grc' dir='ltr'>τῷ</span> <span class='ocrx_word' id='word_1_80' title='bbox 895 649 1019 703; x_wconf 72' lang='grc' dir='ltr'>Ναΐῳ.</span> <span class='ocrx_word' id='word_1_81' title='bbox 1082 649 1189 688; x_wconf 88' lang='lat' dir='ltr'>Illud</span> <span class='ocrx_word' id='word_1_82' title='bbox 1217 653 1359 688; x_wconf 90' lang='lat' dir='ltr'>autem</span> <span class='ocrx_word' id='word_1_83' title='bbox 1385 665 1560 701; x_wconf 78' lang='grc' dir='ltr'>τομαρῳ;</span> <span class='ocrx_word' id='word_1_84' title='bbox 1594 662 1691 687; x_wconf 83' lang='grc'>1111111</span> <span class='ocrx_word' id='word_1_85' title='bbox 1719 662 1860 687; x_wconf 86' lang='lat' dir='ltr'>casum</span> 
     </span>
     <span class='ocr_line' id='line_1_10' title="bbox 340 704 1860 760; baseline -0.005 -11"><span class='ocrx_word' id='word_1_86' title='bbox 340 714 429 749; x_wconf 86' lang='lat' dir='ltr'>tam</span> <span class='ocrx_word' id='word_1_87' title='bbox 460 708 680 755; x_wconf 78' lang='lat' dir='ltr'>eruditum,</span> <span class='ocrx_word' id='word_1_88' title='bbox 715 706 785 760; x_wconf 88' lang='lat' dir='ltr'>qui</span> <span class='ocrx_word' id='word_1_89' title='bbox 822 707 1048 745; x_wconf 84' lang='lat' dir='ltr'>Tomarum</span> <span class='ocrx_word' id='word_1_90' title='bbox 1080 720 1171 744; x_wconf 86' lang='grc'>911111</span> <span class='ocrx_word' id='word_1_91' title='bbox 1201 704 1380 744; x_wconf 85' lang='lat' dir='ltr'>Dodona</span> <span class='ocrx_word' id='word_1_92' title='bbox 1417 704 1638 757; x_wconf 76' lang='lat' dir='ltr'>copularit,</span> <span class='ocrx_word' id='word_1_93' title='bbox 1673 708 1860 743; x_wconf 74' lang='lat' dir='ltr'>statuere</span> 
     </span>
     <span class='ocr_line' id='line_1_11' title="bbox 340 759 1861 819; baseline -0.005 -14"><span class='ocrx_word' id='word_1_94' title='bbox 340 780 423 805; x_wconf 89' lang='lat' dir='ltr'>non</span> <span class='ocrx_word' id='word_1_95' title='bbox 445 779 636 819; x_wconf 86' lang='lat' dir='ltr'>possum:</span> <span class='ocrx_word' id='word_1_96' title='bbox 668 769 742 804; x_wconf 89' lang='lat' dir='ltr'>aut</span> <span class='ocrx_word' id='word_1_97' title='bbox 763 777 840 817; x_wconf 79' lang='lat' dir='ltr'>ego</span> <span class='ocrx_word' id='word_1_98' title='bbox 862 763 980 802; x_wconf 79' lang='lat' dir='ltr'>valde</span> <span class='ocrx_word' id='word_1_99' title='bbox 1001 761 1134 806; x_wconf 73' lang='lat' dir='ltr'>fallor.</span> <span class='ocrx_word' id='word_1_100' title='bbox 1159 766 1233 801; x_wconf 90' lang='lat' dir='ltr'>aut</span> <span class='ocrx_word' id='word_1_101' title='bbox 1263 766 1327 800; x_wconf 84' lang='lat' dir='ltr'>est</span> <span class='ocrx_word' id='word_1_102' title='bbox 1349 775 1373 800; x_wconf 86' lang='lat' dir='ltr'>a</span> <span class='ocrx_word' id='word_1_103' title='bbox 1402 775 1527 800; x_wconf 87' lang='lat' dir='ltr'>manu</span> <span class='ocrx_word' id='word_1_104' title='bbox 1549 760 1624 799; x_wconf 75' lang='lat' dir='ltr'>viri</span> <span class='ocrx_word' id='word_1_105' title='bbox 1647 759 1773 807; x_wconf 73' lang='lat' dir='ltr'>docti,</span> <span class='ocrx_word' id='word_1_106' title='bbox 1797 760 1861 799; x_wconf 90' lang='grc'>9111</span> 
     </span>
     <span class='ocr_line' id='line_1_12' title="bbox 340 816 1862 874; baseline -0.003 -13"><span class='ocrx_word' id='word_1_107' title='bbox 340 826 583 874; x_wconf 85' lang='lat' dir='ltr'>corruptum</span> <span class='ocrx_word' id='word_1_108' title='bbox 604 820 703 859; x_wconf 89' lang='lat' dir='ltr'>illud</span> <span class='ocrx_word' id='word_1_109' title='bbox 728 822 778 873; x_wconf 74' lang='grc' dir='ltr'>τῷ</span> <span class='ocrx_word' id='word_1_110' title='bbox 809 836 911 869; x_wconf 83' lang='grc' dir='ltr'>ναρω</span> <span class='ocrx_word' id='word_1_111' title='bbox 941 817 1242 871; x_wconf 79' lang='lat' dir='ltr'>contemplanti</span> <span class='ocrx_word' id='word_1_112' title='bbox 1272 817 1313 856; x_wconf 90' lang='grc'>111</span> <span class='ocrx_word' id='word_1_113' title='bbox 1341 822 1524 856; x_wconf 79' lang='lat' dir='ltr'>mentem</span> <span class='ocrx_word' id='word_1_114' title='bbox 1546 816 1657 856; x_wconf 74' lang='lat' dir='ltr'>venit</span> <span class='ocrx_word' id='word_1_115' title='bbox 1680 816 1862 867; x_wconf 83' lang='grc' dir='ltr'>Τομάρου</span> 
     </span>
     <span class='ocr_line' id='line_1_13' title="bbox 341 872 1861 927; baseline -0.004 -9"><span class='ocrx_word' id='word_1_116' title='bbox 341 883 383 918; x_wconf 83' lang='grc'>91</span> <span class='ocrx_word' id='word_1_117' title='bbox 405 883 639 917; x_wconf 82' lang='lat' dir='ltr'>ceterorum</span> <span class='ocrx_word' id='word_1_118' title='bbox 666 877 771 916; x_wconf 88' lang='lat' dir='ltr'>bene</span> <span class='ocrx_word' id='word_1_119' title='bbox 802 875 1027 915; x_wconf 90' lang='lat' dir='ltr'>multorum</span> <span class='ocrx_word' id='word_1_120' title='bbox 1052 889 1157 927; x_wconf 80' lang='lat' dir='ltr'>quae</span> <span class='ocrx_word' id='word_1_121' title='bbox 1187 873 1411 926; x_wconf 79' lang='lat' dir='ltr'>conjuncta·</span> <span class='ocrx_word' id='word_1_122' title='bbox 1436 873 1491 912; x_wconf 92' lang='lat' dir='ltr'>illi</span> <span class='ocrx_word' id='word_1_123' title='bbox 1518 872 1673 911; x_wconf 91' lang='lat' dir='ltr'>nomini</span> <span class='ocrx_word' id='word_1_124' title='bbox 1705 872 1861 912; x_wconf 83' lang='lat' dir='ltr'>Strabo</span> 
     </span>
     <span class='ocr_line' id='line_1_14' title="bbox 340 929 1861 987; baseline -0.005 -14"><span class='ocrx_word' id='word_1_125' title='bbox 340 934 383 973; x_wconf 91' lang='lat' dir='ltr'>in</span> <span class='ocrx_word' id='word_1_126' title='bbox 406 933 686 987; x_wconf 78' lang='lat' dir='ltr'>descriptione</span> <span class='ocrx_word' id='word_1_127' title='bbox 716 932 919 971; x_wconf 82' lang='lat' dir='ltr'>Dodonae</span> <span class='ocrx_word' id='word_1_128' title='bbox 948 932 1101 977; x_wconf 77' lang='lat' dir='ltr'>refert3</span> <span class='ocrx_word' id='word_1_129' title='bbox 1137 930 1253 983; x_wconf 79' lang='lat' dir='ltr'>isque</span> <span class='ocrx_word' id='word_1_130' title='bbox 1280 929 1471 983; x_wconf 83' lang='lat' dir='ltr'>appinxit</span> <span class='ocrx_word' id='word_1_131' title='bbox 1501 929 1578 968; x_wconf 89' lang='grc'>1109</span> <span class='ocrx_word' id='word_1_132' title='bbox 1607 942 1757 967; x_wconf 88' lang='lat' dir='ltr'>nomen</span> <span class='ocrx_word' id='word_1_133' title='bbox 1778 942 1861 967; x_wconf 91' lang='lat' dir='ltr'>non</span> 
     </span>
     <span class='ocr_line' id='line_1_15' title="bbox 339 984 1861 1039; baseline -0.005 -9"><span class='ocrx_word' id='word_1_134' title='bbox 339 994 388 1030; x_wconf 84' lang='lat' dir='ltr'>ut</span> <span class='ocrx_word' id='word_1_135' title='bbox 409 990 566 1030; x_wconf 82' lang='lat' dir='ltr'>variam</span> <span class='ocrx_word' id='word_1_136' title='bbox 586 988 805 1029; x_wconf 87' lang='lat' dir='ltr'>lectionem</span> <span class='ocrx_word' id='word_1_137' title='bbox 831 988 903 1027; x_wconf 88' lang='lat' dir='ltr'>sed</span> <span class='ocrx_word' id='word_1_138' title='bbox 931 992 977 1027; x_wconf 88' lang='lat' dir='ltr'>ut</span> <span class='ocrx_word' id='word_1_139' title='bbox 1008 987 1302 1039; x_wconf 65' lang='lat' dir='ltr'>conjecturam„</span> <span class='ocrx_word' id='word_1_140' title='bbox 1327 1001 1433 1039; x_wconf 81' lang='lat' dir='ltr'>quae</span> <span class='ocrx_word' id='word_1_141' title='bbox 1460 985 1627 1025; x_wconf 89' lang='lat' dir='ltr'>minime</span> <span class='ocrx_word' id='word_1_142' title='bbox 1649 984 1799 1023; x_wconf 90' lang='lat' dir='ltr'>mirum</span> <span class='ocrx_word' id='word_1_143' title='bbox 1828 984 1861 1023; x_wconf 89' lang='lat' dir='ltr'>si</span> 
     </span>
     <span class='ocr_line' id='line_1_16' title="bbox 343 1040 1862 1100; baseline -0.005 -14"><span class='ocrx_word' id='word_1_144' title='bbox 343 1046 569 1100; x_wconf 80' lang='lat' dir='ltr'>Spaldingo</span> <span class='ocrx_word' id='word_1_145' title='bbox 597 1045 780 1098; x_wconf 81' lang='lat' dir='ltr'>mihique</span> <span class='ocrx_word' id='word_1_146' title='bbox 806 1043 943 1084; x_wconf 87' lang='lat' dir='ltr'>fraudi</span> <span class='ocrx_word' id='word_1_147' title='bbox 972 1043 1068 1082; x_wconf 90' lang='lat' dir='ltr'>olim</span> <span class='ocrx_word' id='word_1_148' title='bbox 1088 1043 1207 1082; x_wconf 48' lang='lat' dir='ltr'>fuit?7</span> <span class='ocrx_word' id='word_1_149' title='bbox 1269 1042 1440 1081; x_wconf 74' lang='lat' dir='ltr'>Addere</span> <span class='ocrx_word' id='word_1_150' title='bbox 1469 1046 1637 1095; x_wconf 88' lang='lat' dir='ltr'>poterat</span> <span class='ocrx_word' id='word_1_151' title='bbox 1661 1040 1862 1094; x_wconf 73' lang='lat' dir='ltr'>Hesychii</span> 
     </span>
     <span class='ocr_line' id='line_1_17' title="bbox 338 1096 1861 1156; baseline -0.005 -14"><span class='ocrx_word' id='word_1_152' title='bbox 338 1103 520 1156; x_wconf 78' lang='lat' dir='ltr'>glossam</span> <span class='ocrx_word' id='word_1_153' title='bbox 558 1101 728 1151; x_wconf 83' lang='grc' dir='ltr'>Τμάριος</span> <span class='ocrx_word' id='word_1_154' title='bbox 766 1101 873 1142; x_wconf 81' lang='grc' dir='ltr'>Ζεύς·</span> <span class='ocrx_word' id='word_1_155' title='bbox 913 1101 956 1139; x_wconf 84' lang='grc' dir='ltr'>ἐν</span> <span class='ocrx_word' id='word_1_156' title='bbox 990 1100 1175 1153; x_wconf 84' lang='grc' dir='ltr'>Δωδώνῃ.</span> <span class='ocrx_word' id='word_1_157' title='bbox 1253 1106 1276 1118; x_wconf 87' lang='lat'><em>“</em></span> <span class='ocrx_word' id='word_1_158' title='bbox 1302 1098 1424 1137; x_wconf 81' lang='lat' dir='ltr'>Locis</span> <span class='ocrx_word' id='word_1_159' title='bbox 1461 1113 1485 1137; x_wconf 89' lang='lat' dir='ltr'>a</span> <span class='ocrx_word' id='word_1_160' title='bbox 1524 1097 1784 1137; x_wconf 83' lang='lat' dir='ltr'>Buttmanno</span> <span class='ocrx_word' id='word_1_161' title='bbox 1820 1096 1861 1135; x_wconf 91' lang='lat' dir='ltr'>in</span> 
     </span>
     <span class='ocr_line' id='line_1_18' title="bbox 340 1152 1861 1208; baseline -0.004 -11"><span class='ocrx_word' id='word_1_162' title='bbox 340 1158 541 1198; x_wconf 80' lang='lat' dir='ltr'>auxilium</span> <span class='ocrx_word' id='word_1_163' title='bbox 562 1157 720 1197; x_wconf 84' lang='lat' dir='ltr'>vocatis</span> <span class='ocrx_word' id='word_1_164' title='bbox 748 1156 901 1196; x_wconf 83' lang='lat' dir='ltr'>addam</span> <span class='ocrx_word' id='word_1_165' title='bbox 929 1155 1113 1202; x_wconf 72' lang='lat' dir='ltr'>tertium.</span> <span class='ocrx_word' id='word_1_166' title='bbox 1141 1155 1207 1208; x_wconf 84' lang='lat' dir='ltr'>qui</span> <span class='ocrx_word' id='word_1_167' title='bbox 1240 1169 1327 1194; x_wconf 91' lang='lat' dir='ltr'>rem</span> <span class='ocrx_word' id='word_1_168' title='bbox 1357 1153 1536 1201; x_wconf 73' lang='lat' dir='ltr'>conficit,</span> <span class='ocrx_word' id='word_1_169' title='bbox 1561 1153 1720 1193; x_wconf 82' lang='lat' dir='ltr'>Anecd.</span> <span class='ocrx_word' id='word_1_170' title='bbox 1754 1152 1861 1192; x_wconf 76' lang='lat' dir='ltr'>Bek-</span> 
     </span>
     <span class='ocr_line' id='line_1_19' title="bbox 341 1209 1862 1268; baseline -0.004 -14"><span class='ocrx_word' id='word_1_171' title='bbox 341 1215 430 1254; x_wconf 83' lang='lat' dir='ltr'>keri</span> <span class='ocrx_word' id='word_1_172' title='bbox 452 1230 491 1268; x_wconf 88' lang='lat' dir='ltr'>p.</span> <span class='ocrx_word' id='word_1_173' title='bbox 517 1215 609 1267; x_wconf 75' lang='grc'>283,</span> <span class='ocrx_word' id='word_1_174' title='bbox 636 1226 699 1254; x_wconf 81' lang='lat'>22.</span> <span class='ocrx_word' id='word_1_175' title='bbox 763 1212 886 1254; x_wconf 72' lang='grc' dir='ltr'>Ναῖος</span> <span class='ocrx_word' id='word_1_176' title='bbox 909 1213 1016 1257; x_wconf 77' lang='grc' dir='ltr'>Ζεὺς,</span> <span class='ocrx_word' id='word_1_177' title='bbox 1041 1213 1165 1261; x_wconf 82' lang='grc' dir='ltr'>ὄνομα</span> <span class='ocrx_word' id='word_1_178' title='bbox 1195 1213 1298 1260; x_wconf 79' lang='grc' dir='ltr'>ἱεροῦ</span> <span class='ocrx_word' id='word_1_179' title='bbox 1324 1214 1390 1249; x_wconf 82' lang='grc' dir='ltr'>τοῦ</span> <span class='ocrx_word' id='word_1_180' title='bbox 1414 1212 1456 1249; x_wconf 85' lang='grc' dir='ltr'>ἐν</span> <span class='ocrx_word' id='word_1_181' title='bbox 1479 1211 1662 1258; x_wconf 82' lang='grc' dir='ltr'>Δωδώνῃ·</span> <span class='ocrx_word' id='word_1_182' title='bbox 1698 1209 1862 1260; x_wconf 81' lang='grc' dir='ltr'>Πέριρος</span> 
     </span>
     <span class='ocr_line' id='line_1_20' title="bbox 341 1266 1862 1323; baseline -0.005 -13"><span class='ocrx_word' id='word_1_183' title='bbox 341 1274 427 1323; x_wconf 79' lang='grc' dir='ltr'>γὰρ,</span> <span class='ocrx_word' id='word_1_184' title='bbox 452 1274 471 1310; x_wconf 98' lang='lat'><em>6</em></span> <span class='ocrx_word' id='word_1_185' title='bbox 491 1270 669 1309; x_wconf 81' lang='grc' dir='ltr'>Ἴκάστου</span> <span class='ocrx_word' id='word_1_186' title='bbox 691 1274 780 1311; x_wconf 77' lang='grc' dir='ltr'>παῖς</span> <span class='ocrx_word' id='word_1_187' title='bbox 803 1273 870 1308; x_wconf 80' lang='grc' dir='ltr'>τοῦ</span> <span class='ocrx_word' id='word_1_188' title='bbox 892 1270 1050 1315; x_wconf 78' lang='grc' dir='ltr'>Αἰόλου,</span> <span class='ocrx_word' id='word_1_189' title='bbox 1075 1267 1300 1318; x_wconf 77' lang='grc' dir='ltr'>ναυαγήσας</span> <span class='ocrx_word' id='word_1_190' title='bbox 1326 1268 1490 1316; x_wconf 81' lang='grc' dir='ltr'>διεσώθη</span> <span class='ocrx_word' id='word_1_191' title='bbox 1520 1267 1581 1305; x_wconf 83' lang='grc' dir='ltr'>ἐπὶ</span> <span class='ocrx_word' id='word_1_192' title='bbox 1602 1268 1666 1314; x_wconf 78' lang='grc' dir='ltr'>τῆς</span> <span class='ocrx_word' id='word_1_193' title='bbox 1691 1266 1862 1315; x_wconf 81' lang='grc' dir='ltr'>πρύμνης</span> 
     </span>
     <span class='ocr_line' id='line_1_21' title="bbox 343 1321 1862 1378; baseline -0.005 -10"><span class='ocrx_word' id='word_1_194' title='bbox 343 1329 404 1368; x_wconf 86' lang='grc' dir='ltr'>καὶ</span> <span class='ocrx_word' id='word_1_195' title='bbox 427 1328 607 1378; x_wconf 79' lang='grc' dir='ltr'>ἱδρύσατο</span> <span class='ocrx_word' id='word_1_196' title='bbox 631 1327 673 1365; x_wconf 83' lang='grc' dir='ltr'>ἐν</span> <span class='ocrx_word' id='word_1_197' title='bbox 697 1327 869 1378; x_wconf 78' lang='grc' dir='ltr'>Δωδώνῃ</span> <span class='ocrx_word' id='word_1_198' title='bbox 889 1325 983 1366; x_wconf 81' lang='grc' dir='ltr'>Διὸς</span> <span class='ocrx_word' id='word_1_199' title='bbox 1007 1323 1131 1363; x_wconf 72' lang='grc' dir='ltr'>Ναΐου</span> <span class='ocrx_word' id='word_1_200' title='bbox 1156 1325 1273 1374; x_wconf 82' lang='grc' dir='ltr'>ἱερόν.</span> <span class='ocrx_word' id='word_1_201' title='bbox 1329 1322 1539 1375; x_wconf 75' lang='lat' dir='ltr'>Corrupta</span> <span class='ocrx_word' id='word_1_202' title='bbox 1561 1335 1651 1361; x_wconf 79' lang='lat' dir='ltr'>esse</span> <span class='ocrx_word' id='word_1_203' title='bbox 1672 1321 1798 1360; x_wconf 73' lang='lat' dir='ltr'>verba,</span> <span class='ocrx_word' id='word_1_204' title='bbox 1819 1326 1862 1361; x_wconf 71' lang='lat' dir='ltr'>et</span> 
     </span>
     <span class='ocr_line' id='line_1_22' title="bbox 342 1377 1861 1432; baseline -0.005 -8"><span class='ocrx_word' id='word_1_205' title='bbox 342 1383 606 1424; x_wconf 87' lang='lat' dir='ltr'>scribendum</span> <span class='ocrx_word' id='word_1_206' title='bbox 642 1381 835 1431; x_wconf 79' lang='grc' dir='ltr'>Περιήρης</span> <span class='ocrx_word' id='word_1_207' title='bbox 870 1383 944 1432; x_wconf 75' lang='grc' dir='ltr'>γὰρ</span> <span class='ocrx_word' id='word_1_208' title='bbox 978 1383 997 1419; x_wconf 96' lang='lat'><em>6</em></span> <span class='ocrx_word' id='word_1_209' title='bbox 1030 1379 1210 1430; x_wconf 80' lang='grc' dir='ltr'>Ἰκαρίου,</span> <span class='ocrx_word' id='word_1_210' title='bbox 1245 1393 1483 1432; x_wconf 80' lang='lat' dir='ltr'>quanquam</span> <span class='ocrx_word' id='word_1_211' title='bbox 1515 1378 1577 1417; x_wconf 78' lang='lat' dir='ltr'>vel</span> <span class='ocrx_word' id='word_1_212' title='bbox 1610 1377 1666 1417; x_wconf 84' lang='lat' dir='ltr'>sic</span> <span class='ocrx_word' id='word_1_213' title='bbox 1698 1377 1861 1417; x_wconf 80' lang='lat' dir='ltr'>inverso</span> 
     </span>
     <span class='ocr_line' id='line_1_23' title="bbox 341 1433 1862 1487; baseline -0.004 -8"><span class='ocrx_word' id='word_1_214' title='bbox 341 1455 438 1480; x_wconf 80' lang='lat' dir='ltr'>vero</span> <span class='ocrx_word' id='word_1_215' title='bbox 461 1439 618 1486; x_wconf 68' lang='lat' dir='ltr'>ordine,</span> <span class='ocrx_word' id='word_1_216' title='bbox 642 1438 746 1478; x_wconf 78' lang='lat' dir='ltr'>vidit</span> <span class='ocrx_word' id='word_1_217' title='bbox 771 1438 819 1477; x_wconf 87' lang='lat' dir='ltr'>E.</span> <span class='ocrx_word' id='word_1_218' title='bbox 842 1438 892 1477; x_wconf 88' lang='lat' dir='ltr'>de</span> <span class='ocrx_word' id='word_1_219' title='bbox 916 1436 1122 1476; x_wconf 80' lang='lat' dir='ltr'>Lassaulx</span> <span class='ocrx_word' id='word_1_220' title='bbox 1149 1435 1189 1475; x_wconf 91' lang='lat' dir='ltr'>in</span> <span class='ocrx_word' id='word_1_221' title='bbox 1213 1440 1434 1475; x_wconf 84' lang='lat' dir='ltr'>comment.</span> <span class='ocrx_word' id='word_1_222' title='bbox 1458 1435 1508 1474; x_wconf 91' lang='lat' dir='ltr'>de</span> <span class='ocrx_word' id='word_1_223' title='bbox 1532 1433 1749 1487; x_wconf 76' lang='lat' dir='ltr'>Pelasgico</span> <span class='ocrx_word' id='word_1_224' title='bbox 1772 1448 1862 1473; x_wconf 90' lang='lat' dir='ltr'>ora-</span> 
     </span>
     <span class='ocr_line' id='line_1_24' title="bbox 342 1490 1861 1546; baseline -0.005 -10"><span class='ocrx_word' id='word_1_225' title='bbox 342 1497 433 1536; x_wconf 92' lang='lat' dir='ltr'>culo</span> <span class='ocrx_word' id='word_1_226' title='bbox 474 1496 594 1535; x_wconf 81' lang='lat' dir='ltr'>Jovis</span> <span class='ocrx_word' id='word_1_227' title='bbox 637 1493 854 1534; x_wconf 88' lang='lat' dir='ltr'>Dodonaei</span> <span class='ocrx_word' id='word_1_228' title='bbox 895 1495 1056 1545; x_wconf 68' lang='lat'>(1840)7</span> <span class='ocrx_word' id='word_1_229' title='bbox 1085 1508 1123 1546; x_wconf 87' lang='lat' dir='ltr'>p.</span> <span class='ocrx_word' id='word_1_230' title='bbox 1153 1495 1190 1539; x_wconf 72' lang='lat'>6,</span> <span class='ocrx_word' id='word_1_231' title='bbox 1220 1506 1288 1545; x_wconf 77' lang='lat'>49.</span> <span class='ocrx_word' id='word_1_232' title='bbox 1356 1491 1419 1531; x_wconf 90' lang='lat' dir='ltr'>De</span> <span class='ocrx_word' id='word_1_233' title='bbox 1461 1505 1544 1544; x_wconf 85' lang='lat' dir='ltr'>qua</span> <span class='ocrx_word' id='word_1_234' title='bbox 1582 1490 1724 1530; x_wconf 85' lang='lat' dir='ltr'>fabula</span> <span class='ocrx_word' id='word_1_235' title='bbox 1764 1494 1861 1529; x_wconf 89' lang='lat' dir='ltr'>utut</span> 
     </span>
     <span class='ocr_line' id='line_1_25' title="bbox 341 1545 1861 1603; baseline -0.006 -10"><span class='ocrx_word' id='word_1_236' title='bbox 341 1552 612 1593; x_wconf 84' lang='lat' dir='ltr'>statuendum</span> <span class='ocrx_word' id='word_1_237' title='bbox 641 1551 732 1592; x_wconf 81' lang='lat' dir='ltr'>erit.</span> <span class='ocrx_word' id='word_1_238' title='bbox 756 1550 894 1603; x_wconf 82' lang='lat' dir='ltr'>magni</span> <span class='ocrx_word' id='word_1_239' title='bbox 924 1554 988 1589; x_wconf 85' lang='lat' dir='ltr'>est</span> <span class='ocrx_word' id='word_1_240' title='bbox 1014 1549 1055 1588; x_wconf 91' lang='lat' dir='ltr'>in</span> <span class='ocrx_word' id='word_1_241' title='bbox 1081 1553 1226 1588; x_wconf 82' lang='lat' dir='ltr'>nostra</span> <span class='ocrx_word' id='word_1_242' title='bbox 1255 1562 1298 1587; x_wconf 88' lang='lat' dir='ltr'>re</span> <span class='ocrx_word' id='word_1_243' title='bbox 1320 1547 1531 1595; x_wconf 75' lang='lat' dir='ltr'>momenti,</span> <span class='ocrx_word' id='word_1_244' title='bbox 1560 1547 1671 1600; x_wconf 86' lang='lat' dir='ltr'>quod</span> <span class='ocrx_word' id='word_1_245' title='bbox 1693 1547 1780 1600; x_wconf 89' lang='lat' dir='ltr'>ejus</span> <span class='ocrx_word' id='word_1_246' title='bbox 1801 1545 1861 1585; x_wconf 87' lang='lat' dir='ltr'>rei</span> 
     </span>
     <span class='ocr_line' id='line_1_26' title="bbox 341 1602 1862 1658; baseline -0.005 -9"><span class='ocrx_word' id='word_1_247' title='bbox 341 1609 498 1649; x_wconf 87' lang='lat' dir='ltr'>mentio</span> <span class='ocrx_word' id='word_1_248' title='bbox 519 1609 568 1648; x_wconf 82' lang='lat' dir='ltr'>fit</span> <span class='ocrx_word' id='word_1_249' title='bbox 594 1608 635 1647; x_wconf 90' lang='lat' dir='ltr'>in</span> <span class='ocrx_word' id='word_1_250' title='bbox 656 1607 787 1647; x_wconf 82' lang='lat' dir='ltr'>lexico</span> <span class='ocrx_word' id='word_1_251' title='bbox 808 1606 1018 1646; x_wconf 83' lang='lat' dir='ltr'>rhetorico</span> <span class='ocrx_word' id='word_1_252' title='bbox 1045 1606 1097 1645; x_wconf 89' lang='lat' dir='ltr'>ad</span> <span class='ocrx_word' id='word_1_253' title='bbox 1127 1605 1238 1658; x_wconf 86' lang='lat' dir='ltr'>ipsos</span> <span class='ocrx_word' id='word_1_254' title='bbox 1267 1609 1455 1643; x_wconf 87' lang='lat' dir='ltr'>oratores</span> <span class='ocrx_word' id='word_1_255' title='bbox 1484 1603 1653 1643; x_wconf 79' lang='lat' dir='ltr'>Atticos</span> <span class='ocrx_word' id='word_1_256' title='bbox 1682 1602 1862 1642; x_wconf 81' lang='lat' dir='ltr'>maxime</span> 
     </span>
     <span class='ocr_line' id='line_1_27' title="bbox 342 1659 1862 1719; baseline -0.005 -14"><span class='ocrx_word' id='word_1_257' title='bbox 342 1665 608 1719; x_wconf 86' lang='lat' dir='ltr'>explicandos</span> <span class='ocrx_word' id='word_1_258' title='bbox 645 1663 887 1717; x_wconf 60' lang='lat' dir='ltr'>composito.</span> <span class='ocrx_word' id='word_1_259' title='bbox 924 1663 1124 1715; x_wconf 81' lang='lat' dir='ltr'>cujusque</span> <span class='ocrx_word' id='word_1_260' title='bbox 1164 1665 1378 1701; x_wconf 74' lang='lat' dir='ltr'>auctorem</span> <span class='ocrx_word' id='word_1_261' title='bbox 1421 1659 1654 1699; x_wconf 81' lang='lat' dir='ltr'>Midianam</span> <span class='ocrx_word' id='word_1_262' title='bbox 1698 1673 1862 1713; x_wconf 87' lang='lat' dir='ltr'>quoque</span> 
     </span>
     <span class='ocr_line' id='line_1_28' title="bbox 342 1715 1860 1771; baseline -0.005 -9"><span class='ocrx_word' id='word_1_263' title='bbox 342 1721 575 1762; x_wconf 88' lang='lat' dir='ltr'>orationem</span> <span class='ocrx_word' id='word_1_264' title='bbox 595 1726 694 1760; x_wconf 89' lang='lat' dir='ltr'>ante</span> <span class='ocrx_word' id='word_1_265' title='bbox 717 1720 857 1759; x_wconf 85' lang='lat' dir='ltr'>oculos</span> <span class='ocrx_word' id='word_1_266' title='bbox 879 1715 1073 1758; x_wconf 81' lang='lat' dir='ltr'>habuisse</span> <span class='ocrx_word' id='word_1_267' title='bbox 1098 1718 1226 1771; x_wconf 80' lang='lat' dir='ltr'>(velut</span> <span class='ocrx_word' id='word_1_268' title='bbox 1257 1732 1295 1770; x_wconf 91' lang='lat' dir='ltr'>p.</span> <span class='ocrx_word' id='word_1_269' title='bbox 1319 1729 1410 1768; x_wconf 83' lang='grc'>219,</span> <span class='ocrx_word' id='word_1_270' title='bbox 1438 1729 1502 1757; x_wconf 79' lang='grc'>22.</span> <span class='ocrx_word' id='word_1_271' title='bbox 1530 1728 1621 1769; x_wconf 73' lang='grc'>235,</span> <span class='ocrx_word' id='word_1_272' title='bbox 1642 1717 1678 1763; x_wconf 85' lang='grc'>6,</span> <span class='ocrx_word' id='word_1_273' title='bbox 1704 1729 1741 1768; x_wconf 97' lang='grc'>9.</span> <span class='ocrx_word' id='word_1_274' title='bbox 1766 1716 1860 1768; x_wconf 75' lang='grc'>238,</span> 
     </span>
     <span class='ocr_line' id='line_1_29' title="bbox 340 1772 1860 1832; baseline -0.005 -14"><span class='ocrx_word' id='word_1_275' title='bbox 340 1789 618 1832; x_wconf 39' lang='grc'>312520.</span> <span class='ocrx_word' id='word_1_276' title='bbox 663 1788 756 1829; x_wconf 71' lang='lat'>255.</span> <span class='ocrx_word' id='word_1_277' title='bbox 782 1778 819 1815; x_wconf 77' lang='grc'>8.</span> <span class='ocrx_word' id='word_1_278' title='bbox 864 1778 956 1829; x_wconf 73' lang='grc'>265,</span> <span class='ocrx_word' id='word_1_279' title='bbox 984 1787 1048 1815; x_wconf 80' lang='grc'>22.</span> <span class='ocrx_word' id='word_1_280' title='bbox 1093 1775 1184 1821; x_wconf 76' lang='grc'>268,</span> <span class='ocrx_word' id='word_1_281' title='bbox 1210 1775 1249 1820; x_wconf 87' lang='lat'>6,</span> <span class='ocrx_word' id='word_1_282' title='bbox 1275 1786 1338 1822; x_wconf 83' lang='lat'>27.</span> <span class='ocrx_word' id='word_1_283' title='bbox 1384 1774 1476 1824; x_wconf 79' lang='grc'>278,</span> <span class='ocrx_word' id='word_1_284' title='bbox 1502 1772 1537 1820; x_wconf 83' lang='grc'>8,</span> <span class='ocrx_word' id='word_1_285' title='bbox 1564 1784 1628 1822; x_wconf 82' lang='grc'>29.</span> <span class='ocrx_word' id='word_1_286' title='bbox 1672 1783 1764 1824; x_wconf 84' lang='grc'>279,</span> <span class='ocrx_word' id='word_1_287' title='bbox 1795 1784 1860 1811; x_wconf 83' lang='grc'>20.</span> 
     </span>
     <span class='ocr_line' id='line_1_30' title="bbox 343 1827 1862 1885; baseline -0.005 -11"><span class='ocrx_word' id='word_1_288' title='bbox 343 1835 436 1881; x_wconf 77' lang='grc'>288,</span> <span class='ocrx_word' id='word_1_289' title='bbox 466 1837 525 1873; x_wconf 72' lang='grc'>18.</span> <span class='ocrx_word' id='word_1_290' title='bbox 554 1845 645 1885; x_wconf 88' lang='grc'>292,</span> <span class='ocrx_word' id='word_1_291' title='bbox 675 1846 735 1879; x_wconf 82' lang='grc'>10,</span> <span class='ocrx_word' id='word_1_292' title='bbox 765 1831 937 1884; x_wconf 66' lang='grc' dir='ltr'>12.)1’1Χ</span> <span class='ocrx_word' id='word_1_293' title='bbox 967 1836 1030 1871; x_wconf 86' lang='lat' dir='ltr'>est</span> <span class='ocrx_word' id='word_1_294' title='bbox 1060 1831 1170 1884; x_wconf 84' lang='lat' dir='ltr'>quod</span> <span class='ocrx_word' id='word_1_295' title='bbox 1199 1829 1461 1874; x_wconf 73' lang='lat' dir='ltr'>dubitemus3</span> <span class='ocrx_word' id='word_1_296' title='bbox 1496 1834 1542 1868; x_wconf 89' lang='lat' dir='ltr'>ut</span> <span class='ocrx_word' id='word_1_297' title='bbox 1575 1828 1644 1868; x_wconf 85' lang='lat' dir='ltr'>illa</span> <span class='ocrx_word' id='word_1_298' title='bbox 1676 1828 1725 1867; x_wconf 89' lang='lat' dir='ltr'>de</span> <span class='ocrx_word' id='word_1_299' title='bbox 1754 1827 1862 1867; x_wconf 82' lang='lat' dir='ltr'>Jove</span> 
     </span>
     <span class='ocr_line' id='line_1_31' title="bbox 343 1883 1861 1944; baseline -0.005 -14"><span class='ocrx_word' id='word_1_300' title='bbox 343 1890 451 1931; x_wconf 84' lang='lat' dir='ltr'>Naio</span> <span class='ocrx_word' id='word_1_301' title='bbox 466 1890 604 1944; x_wconf 78' lang='lat' dir='ltr'>glossa</span> <span class='ocrx_word' id='word_1_302' title='bbox 626 1888 758 1928; x_wconf 83' lang='lat' dir='ltr'>nostri</span> <span class='ocrx_word' id='word_1_303' title='bbox 780 1888 858 1928; x_wconf 87' lang='grc'>1091</span> <span class='ocrx_word' id='word_1_304' title='bbox 881 1902 1027 1928; x_wconf 68' lang='lat' dir='ltr'>caussa</span> <span class='ocrx_word' id='word_1_305' title='bbox 1049 1889 1160 1927; x_wconf 82' lang='lat' dir='ltr'>facta-</span> <span class='ocrx_word' id='word_1_306' title='bbox 1181 1901 1270 1926; x_wconf 84' lang='lat' dir='ltr'>esse</span> <span class='ocrx_word' id='word_1_307' title='bbox 1292 1890 1419 1938; x_wconf 82' lang='lat' dir='ltr'>atque</span> <span class='ocrx_word' id='word_1_308' title='bbox 1435 1890 1584 1924; x_wconf 79' lang='lat' dir='ltr'>auctor</span> <span class='ocrx_word' id='word_1_309' title='bbox 1601 1885 1667 1923; x_wconf 87' lang='grc' dir='ltr'>Διὶ</span> <span class='ocrx_word' id='word_1_310' title='bbox 1681 1885 1730 1937; x_wconf 69' lang='grc' dir='ltr'>τῷ</span> <span class='ocrx_word' id='word_1_311' title='bbox 1752 1883 1861 1937; x_wconf 68' lang='grc' dir='ltr'>Ναΐῳ</span> 
     </span>
     <span class='ocr_line' id='line_1_32' title="bbox 344 1940 1861 1999; baseline -0.005 -13"><span class='ocrx_word' id='word_1_312' title='bbox 344 1947 401 1987; x_wconf 89' lang='lat' dir='ltr'>ibi</span> <span class='ocrx_word' id='word_1_313' title='bbox 439 1946 639 1999; x_wconf 88' lang='lat' dir='ltr'>scriptum</span> <span class='ocrx_word' id='word_1_314' title='bbox 676 1945 880 1985; x_wconf 77' lang='lat' dir='ltr'>invenisse</span> <span class='ocrx_word' id='word_1_315' title='bbox 913 1943 1143 1983; x_wconf 49' lang='lat' dir='ltr'>videatur?</span> <span class='ocrx_word' id='word_1_316' title='bbox 1182 1941 1504 1981; x_wconf 76' lang='lat' dir='ltr'>WESTERM.</span> <span class='ocrx_word' id='word_1_317' title='bbox 1567 1941 1632 1980; x_wconf 81' lang='grc' dir='ltr'>Διὶ</span> <span class='ocrx_word' id='word_1_318' title='bbox 1665 1943 1715 1994; x_wconf 76' lang='grc' dir='ltr'>τῷ</span> <span class='ocrx_word' id='word_1_319' title='bbox 1751 1940 1861 1979; x_wconf 61' lang='grc' dir='ltr'>Ναΐω</span> 
     </span>
     <span class='ocr_line' id='line_1_33' title="bbox 343 1995 1861 2057; baseline -0.005 -14"><span class='ocrx_word' id='word_1_320' title='bbox 343 2003 536 2057; x_wconf 79' lang='lat' dir='ltr'>probavit</span> <span class='ocrx_word' id='word_1_321' title='bbox 577 2002 703 2041; x_wconf 88' lang='lat' dir='ltr'>etiam</span> <span class='ocrx_word' id='word_1_322' title='bbox 736 2000 971 2041; x_wconf 83' lang='lat' dir='ltr'>Boeckhius</span> <span class='ocrx_word' id='word_1_323' title='bbox 1014 2000 1054 2039; x_wconf 91' lang='lat' dir='ltr'>in</span> <span class='ocrx_word' id='word_1_324' title='bbox 1088 2000 1211 2052; x_wconf 79' lang='lat' dir='ltr'>Corp.</span> <span class='ocrx_word' id='word_1_325' title='bbox 1253 1998 1382 2038; x_wconf 81' lang='lat' dir='ltr'>Inscr.</span> <span class='ocrx_word' id='word_1_326' title='bbox 1418 1997 1494 2036; x_wconf 69' lang='lat' dir='ltr'>vol.</span> <span class='ocrx_word' id='word_1_327' title='bbox 1521 2009 1556 2036; x_wconf 79' lang='grc'>2.</span> <span class='ocrx_word' id='word_1_328' title='bbox 1590 2012 1630 2050; x_wconf 91' lang='lat' dir='ltr'>p.</span> <span class='ocrx_word' id='word_1_329' title='bbox 1653 2008 1749 2050; x_wconf 83' lang='lat'>579.</span> <span class='ocrx_word' id='word_1_330' title='bbox 1791 1995 1861 2036; x_wconf 90' lang='lat' dir='ltr'>ubi</span> 
     </span>
     <span class='ocr_line' id='line_1_34' title="bbox 342 2051 1863 2108; baseline -0.005 -10"><span class='ocrx_word' id='word_1_331' title='bbox 342 2060 385 2099; x_wconf 91' lang='lat' dir='ltr'>in</span> <span class='ocrx_word' id='word_1_332' title='bbox 418 2059 540 2098; x_wconf 83' lang='lat' dir='ltr'>inscr.</span> <span class='ocrx_word' id='word_1_333' title='bbox 576 2058 791 2097; x_wconf 80' lang='lat' dir='ltr'>Prienensi</span> <span class='ocrx_word' id='word_1_334' title='bbox 825 2061 930 2106; x_wconf 72' lang='grc' dir='ltr'>Νᾶα,</span> <span class='ocrx_word' id='word_1_335' title='bbox 965 2056 1060 2096; x_wconf 85' lang='lat' dir='ltr'>festi</span> <span class='ocrx_word' id='word_1_336' title='bbox 1090 2070 1252 2103; x_wconf 76' lang='lat' dir='ltr'>nomen,</span> <span class='ocrx_word' id='word_1_337' title='bbox 1285 2054 1449 2108; x_wconf 76' lang='lat' dir='ltr'>legitur,</span> <span class='ocrx_word' id='word_1_338' title='bbox 1484 2056 1574 2093; x_wconf 75' lang='grc' dir='ltr'>Νᾶα</span> <span class='ocrx_word' id='word_1_339' title='bbox 1611 2052 1655 2105; x_wconf 89' lang='lat' dir='ltr'>(i.</span> <span class='ocrx_word' id='word_1_340' title='bbox 1689 2066 1723 2092; x_wconf 89' lang='lat' dir='ltr'>e.</span> <span class='ocrx_word' id='word_1_341' title='bbox 1755 2051 1863 2092; x_wconf 75' lang='grc' dir='ltr'>Νάῖα</span> 
     </span>
     <span class='ocr_line' id='line_1_35' title="bbox 344 2115 856 2167; baseline -0.006 -12"><span class='ocrx_word' id='word_1_342' title='bbox 344 2130 375 2155; x_wconf 83' lang='grc'>8.</span> <span class='ocrx_word' id='word_1_343' title='bbox 400 2118 512 2167; x_wconf 68' lang='grc' dir='ltr'>Νξια)</span> <span class='ocrx_word' id='word_1_344' title='bbox 535 2117 582 2154; x_wconf 77' lang='grc' dir='ltr'>τὰ</span> <span class='ocrx_word' id='word_1_345' title='bbox 605 2116 647 2153; x_wconf 84' lang='grc' dir='ltr'>ἐν</span> <span class='ocrx_word' id='word_1_346' title='bbox 671 2115 856 2162; x_wconf 78' lang='grc' dir='ltr'>Δωδώνῃ.</span> 
     </span>
    </p>

    <p class='ocr_par' dir='ltr' id='par_1_3' title="bbox 342 2163 1863 2951">
     <span class='ocr_line' id='line_1_36' title="bbox 399 2163 1861 2225; baseline -0.005 -15"><span class='ocrx_word' id='word_1_347' title='bbox 399 2184 498 2225; x_wconf 75' lang='lat'>531,</span> <span class='ocrx_word' id='word_1_348' title='bbox 523 2183 587 2210; x_wconf 83' lang='lat'>20.</span> <span class='ocrx_word' id='word_1_349' title='bbox 622 2168 774 2223; x_wconf 81' lang='grc' dir='ltr'>Διώνῃ]</span> <span class='ocrx_word' id='word_1_350' title='bbox 810 2168 947 2207; x_wconf 84' lang='grc'>1)10119</span> <span class='ocrx_word' id='word_1_351' title='bbox 981 2167 1101 2207; x_wconf 88' lang='grc'>81111111</span> <span class='ocrx_word' id='word_1_352' title='bbox 1134 2181 1227 2206; x_wconf 88' lang='grc'>911111</span> <span class='ocrx_word' id='word_1_353' title='bbox 1261 2168 1368 2206; x_wconf 71' lang='lat' dir='ltr'>Jove</span> <span class='ocrx_word' id='word_1_354' title='bbox 1404 2165 1645 2205; x_wconf 86' lang='lat' dir='ltr'>nominatur</span> <span class='ocrx_word' id='word_1_355' title='bbox 1680 2179 1762 2204; x_wconf 89' lang='lat' dir='ltr'>non</span> <span class='ocrx_word' id='word_1_356' title='bbox 1795 2163 1861 2204; x_wconf 89' lang='grc'>1119</span> 
     </span>
     <span class='ocr_line' id='line_1_37' title="bbox 342 2221 1858 2276; baseline -0.005 -9"><span class='ocrx_word' id='word_1_357' title='bbox 342 2231 510 2268; x_wconf 84' lang='lat' dir='ltr'>tantum</span> <span class='ocrx_word' id='word_1_358' title='bbox 538 2226 610 2265; x_wconf 87' lang='lat' dir='ltr'>sed</span> <span class='ocrx_word' id='word_1_359' title='bbox 639 2225 767 2265; x_wconf 84' lang='lat' dir='ltr'>etiam</span> <span class='ocrx_word' id='word_1_360' title='bbox 794 2224 836 2264; x_wconf 91' lang='lat' dir='ltr'>in</span> <span class='ocrx_word' id='word_1_361' title='bbox 859 2224 977 2264; x_wconf 84' lang='lat' dir='ltr'>Orat.</span> <span class='ocrx_word' id='word_1_362' title='bbox 1003 2224 1053 2263; x_wconf 88' lang='lat' dir='ltr'>de</span> <span class='ocrx_word' id='word_1_363' title='bbox 1075 2224 1101 2262; x_wconf 85' lang='lat' dir='ltr'>f.</span> <span class='ocrx_word' id='word_1_364' title='bbox 1127 2224 1173 2262; x_wconf 89' lang='lat' dir='ltr'>L.</span> <span class='ocrx_word' id='word_1_365' title='bbox 1198 2238 1236 2276; x_wconf 89' lang='lat' dir='ltr'>p.</span> <span class='ocrx_word' id='word_1_366' title='bbox 1260 2234 1355 2275; x_wconf 70' lang='lat'>437,</span> <span class='ocrx_word' id='word_1_367' title='bbox 1385 2236 1446 2261; x_wconf 89' lang='lat'>10.</span> <span class='ocrx_word' id='word_1_368' title='bbox 1477 2226 1519 2261; x_wconf 90' lang='lat' dir='ltr'>et</span> <span class='ocrx_word' id='word_1_369' title='bbox 1540 2221 1582 2260; x_wconf 91' lang='lat' dir='ltr'>in</span> <span class='ocrx_word' id='word_1_370' title='bbox 1605 2221 1798 2274; x_wconf 82' lang='lat' dir='ltr'>Epistola</span> <span class='ocrx_word' id='word_1_371' title='bbox 1819 2235 1858 2271; x_wconf 87' lang='lat'>4.</span> 
     </span>
     <span class='ocr_line' id='line_1_38' title="bbox 344 2277 1862 2337; baseline -0.005 -15"><span class='ocrx_word' id='word_1_372' title='bbox 344 2283 493 2337; x_wconf 87' lang='lat' dir='ltr'>quibus</span> <span class='ocrx_word' id='word_1_373' title='bbox 515 2282 614 2321; x_wconf 88' lang='grc'>10918</span> <span class='ocrx_word' id='word_1_374' title='bbox 636 2285 814 2334; x_wconf 88' lang='lat' dir='ltr'>apparet</span> <span class='ocrx_word' id='word_1_375' title='bbox 834 2280 1082 2334; x_wconf 85' lang='lat' dir='ltr'>participem</span> <span class='ocrx_word' id='word_1_376' title='bbox 1105 2294 1195 2319; x_wconf 89' lang='lat' dir='ltr'>eam</span> <span class='ocrx_word' id='word_1_377' title='bbox 1217 2278 1341 2318; x_wconf 87' lang='lat' dir='ltr'>fuisse</span> <span class='ocrx_word' id='word_1_378' title='bbox 1363 2293 1442 2317; x_wconf 90' lang='lat' dir='ltr'>non</span> <span class='ocrx_word' id='word_1_379' title='bbox 1467 2277 1610 2331; x_wconf 89' lang='lat' dir='ltr'>templi</span> <span class='ocrx_word' id='word_1_380' title='bbox 1636 2277 1767 2316; x_wconf 90' lang='lat' dir='ltr'>solum</span> <span class='ocrx_word' id='word_1_381' title='bbox 1789 2277 1862 2316; x_wconf 88' lang='lat' dir='ltr'>sed</span> 
     </span>
     <span class='ocr_line' id='line_1_39' title="bbox 343 2333 1861 2389; baseline -0.005 -10"><span class='ocrx_word' id='word_1_382' title='bbox 343 2344 387 2380; x_wconf 83' lang='lat' dir='ltr'>et</span> <span class='ocrx_word' id='word_1_383' title='bbox 420 2338 575 2379; x_wconf 88' lang='lat' dir='ltr'>oraculi</span> <span class='ocrx_word' id='word_1_384' title='bbox 614 2337 846 2377; x_wconf 88' lang='lat' dir='ltr'>Dodonaei.</span> <span class='ocrx_word' id='word_1_385' title='bbox 910 2336 1049 2389; x_wconf 85' lang='lat' dir='ltr'>Hujus</span> <span class='ocrx_word' id='word_1_386' title='bbox 1085 2336 1227 2388; x_wconf 85' lang='lat' dir='ltr'>itaque</span> <span class='ocrx_word' id='word_1_387' title='bbox 1269 2335 1386 2374; x_wconf 75' lang='lat' dir='ltr'>divae</span> <span class='ocrx_word' id='word_1_388' title='bbox 1426 2348 1576 2373; x_wconf 90' lang='lat' dir='ltr'>nomen</span> <span class='ocrx_word' id='word_1_389' title='bbox 1610 2333 1861 2386; x_wconf 82' lang='lat' dir='ltr'>interpretes</span> 
     </span>
     <span class='ocr_line' id='line_1_40' title="bbox 345 2389 1859 2449; baseline -0.005 -15"><span class='ocrx_word' id='word_1_390' title='bbox 345 2395 513 2449; x_wconf 85' lang='lat' dir='ltr'>quidam</span> <span class='ocrx_word' id='word_1_391' title='bbox 535 2394 805 2434; x_wconf 82' lang='lat' dir='ltr'>reddiderunt</span> <span class='ocrx_word' id='word_1_392' title='bbox 834 2393 1043 2433; x_wconf 58' lang='lat' dir='ltr'>Jnnom&#39;m.</span> <span class='ocrx_word' id='word_1_393' title='bbox 1085 2391 1252 2431; x_wconf 80' lang='lat' dir='ltr'>Servius</span> <span class='ocrx_word' id='word_1_394' title='bbox 1280 2396 1438 2435; x_wconf 66' lang='lat' dir='ltr'>contra.</span> <span class='ocrx_word' id='word_1_395' title='bbox 1462 2390 1516 2430; x_wconf 86' lang='lat' dir='ltr'>ad</span> <span class='ocrx_word' id='word_1_396' title='bbox 1546 2389 1664 2443; x_wconf 71' lang='lat' dir='ltr'>Virg.</span> <span class='ocrx_word' id='word_1_397' title='bbox 1689 2390 1796 2428; x_wconf 79' lang='lat' dir='ltr'>Aen.</span> <span class='ocrx_word' id='word_1_398' title='bbox 1821 2402 1859 2442; x_wconf 76' lang='lat'>3,</span> 
     </span>
     <span class='ocr_line' id='line_1_41' title="bbox 344 2445 1861 2500; baseline -0.005 -9"><span class='ocrx_word' id='word_1_399' title='bbox 344 2453 440 2500; x_wconf 78' lang='lat'>466.</span> <span class='ocrx_word' id='word_1_400' title='bbox 512 2452 687 2490; x_wconf 70' lang='lat' dir='ltr'>Venerem</span> <span class='ocrx_word' id='word_1_401' title='bbox 710 2449 829 2489; x_wconf 73' lang='lat' dir='ltr'>Jovis</span> <span class='ocrx_word' id='word_1_402' title='bbox 852 2448 1071 2488; x_wconf 86' lang='lat' dir='ltr'>Dodonaei</span> <span class='ocrx_word' id='word_1_403' title='bbox 1095 2449 1267 2487; x_wconf 86' lang='grc' dir='ltr'>σύνναον</span> <span class='ocrx_word' id='word_1_404' title='bbox 1290 2450 1383 2487; x_wconf 61' lang='lat' dir='ltr'>esav</span> <span class='ocrx_word' id='word_1_405' title='bbox 1403 2446 1529 2486; x_wconf 84' lang='lat' dir='ltr'>fuisse</span> <span class='ocrx_word' id='word_1_406' title='bbox 1550 2445 1696 2486; x_wconf 87' lang='lat' dir='ltr'>tradit.</span> <span class='ocrx_word' id='word_1_407' title='bbox 1750 2445 1861 2484; x_wconf 86' lang='lat' dir='ltr'>Hinc</span> 
     </span>
     <span class='ocr_line' id='line_1_42' title="bbox 345 2501 1862 2559; baseline -0.005 -12"><span class='ocrx_word' id='word_1_408' title='bbox 345 2508 373 2547; x_wconf 85' lang='lat' dir='ltr'><strong>J</strong></span> <span class='ocrx_word' id='word_1_409' title='bbox 377 2522 438 2547; x_wconf 87' lang='lat' dir='ltr'>ac.</span> <span class='ocrx_word' id='word_1_410' title='bbox 462 2507 694 2547; x_wconf 80' lang='lat' dir='ltr'>Gronovius</span> <span class='ocrx_word' id='word_1_411' title='bbox 719 2506 792 2558; x_wconf 88' lang='lat' dir='ltr'>(ad</span> <span class='ocrx_word' id='word_1_412' title='bbox 815 2505 1016 2559; x_wconf 83' lang='lat' dir='ltr'>Stephani</span> <span class='ocrx_word' id='word_1_413' title='bbox 1047 2503 1270 2554; x_wconf 90' lang='lat' dir='ltr'>Dodonen)</span> <span class='ocrx_word' id='word_1_414' title='bbox 1298 2503 1505 2543; x_wconf 74' lang='lat' dir='ltr'>Venerem</span> <span class='ocrx_word' id='word_1_415' title='bbox 1528 2501 1758 2542; x_wconf 88' lang='lat' dir='ltr'>Libitinam</span> <span class='ocrx_word' id='word_1_416' title='bbox 1779 2515 1862 2540; x_wconf 90' lang='lat' dir='ltr'>non</span> 
     </span>
     <span class='ocr_line' id='line_1_43' title="bbox 345 2557 1862 2615; baseline -0.005 -12"><span class='ocrx_word' id='word_1_417' title='bbox 345 2564 464 2612; x_wconf 83' lang='lat' dir='ltr'>bene,</span> <span class='ocrx_word' id='word_1_418' title='bbox 487 2563 621 2611; x_wconf 67' lang='lat' dir='ltr'>credo,</span> <span class='ocrx_word' id='word_1_419' title='bbox 642 2576 888 2615; x_wconf 83' lang='lat' dir='ltr'>comparans</span> <span class='ocrx_word' id='word_1_420' title='bbox 905 2561 1193 2614; x_wconf 70' lang='lat' dir='ltr'>Proserpinam</span> <span class='ocrx_word' id='word_1_421' title='bbox 1214 2559 1302 2599; x_wconf 81' lang='lat' dir='ltr'>vult</span> <span class='ocrx_word' id='word_1_422' title='bbox 1325 2574 1413 2599; x_wconf 83' lang='lat' dir='ltr'>esse</span> <span class='ocrx_word' id='word_1_423' title='bbox 1436 2559 1610 2598; x_wconf 88' lang='lat' dir='ltr'>Dionen.</span> <span class='ocrx_word' id='word_1_424' title='bbox 1655 2557 1862 2609; x_wconf 86' lang='lat' dir='ltr'>Denique,</span> 
     </span>
     <span class='ocr_line' id='line_1_44' title="bbox 346 2613 1861 2673; baseline -0.005 -14"><span class='ocrx_word' id='word_1_425' title='bbox 346 2619 379 2659; x_wconf 91' lang='lat' dir='ltr'>si</span> <span class='ocrx_word' id='word_1_426' title='bbox 416 2619 679 2673; x_wconf 64' lang='lat' dir='ltr'>mythologos</span> <span class='ocrx_word' id='word_1_427' title='bbox 713 2619 930 2671; x_wconf 84' lang='lat' dir='ltr'>ipsumque</span> <span class='ocrx_word' id='word_1_428' title='bbox 972 2617 1204 2656; x_wconf 89' lang='lat' dir='ltr'>Homerum</span> <span class='ocrx_word' id='word_1_429' title='bbox 1244 2615 1447 2663; x_wconf 79' lang='lat' dir='ltr'>consulas,</span> <span class='ocrx_word' id='word_1_430' title='bbox 1484 2614 1664 2654; x_wconf 77' lang='lat' dir='ltr'>invenies</span> <span class='ocrx_word' id='word_1_431' title='bbox 1700 2613 1861 2652; x_wconf 87' lang='lat' dir='ltr'>Dionae</span> 
     </span>
     <span class='ocr_line' id='line_1_45' title="bbox 347 2668 1863 2725; baseline -0.005 -10"><span class='ocrx_word' id='word_1_432' title='bbox 347 2675 533 2715; x_wconf 86' lang='lat' dir='ltr'>diversae</span> <span class='ocrx_word' id='word_1_433' title='bbox 554 2676 607 2715; x_wconf 90' lang='lat' dir='ltr'>ab</span> <span class='ocrx_word' id='word_1_434' title='bbox 629 2674 708 2714; x_wconf 86' lang='lat' dir='ltr'>illis</span> <span class='ocrx_word' id='word_1_435' title='bbox 731 2674 921 2713; x_wconf 88' lang='lat' dir='ltr'>omnibus</span> <span class='ocrx_word' id='word_1_436' title='bbox 943 2673 1046 2713; x_wconf 89' lang='lat' dir='ltr'>deae</span> <span class='ocrx_word' id='word_1_437' title='bbox 1067 2686 1217 2711; x_wconf 88' lang='lat' dir='ltr'>nomen</span> <span class='ocrx_word' id='word_1_438' title='bbox 1240 2671 1375 2717; x_wconf 64' lang='lat' dir='ltr'>fuisse„</span> <span class='ocrx_word' id='word_1_439' title='bbox 1395 2685 1500 2725; x_wconf 90' lang='lat' dir='ltr'>quae</span> <span class='ocrx_word' id='word_1_440' title='bbox 1521 2670 1631 2709; x_wconf 89' lang='lat' dir='ltr'>inter</span> <span class='ocrx_word' id='word_1_441' title='bbox 1657 2669 1694 2708; x_wconf 87' lang='lat' dir='ltr'><em>T</em></span> <span class='ocrx_word' id='word_1_442' title='bbox 1695 2668 1863 2708; x_wconf 72' lang='lat' dir='ltr'>ltanicles</span> 
     </span>
     <span class='ocr_line' id='line_1_46' title="bbox 346 2724 1862 2783; baseline -0.004 -13"><span class='ocrx_word' id='word_1_443' title='bbox 346 2732 653 2779; x_wconf 82' lang='lat' dir='ltr'>recensebatur,</span> <span class='ocrx_word' id='word_1_444' title='bbox 678 2730 967 2783; x_wconf 80' lang='lat' dir='ltr'>Veneremque</span> <span class='ocrx_word' id='word_1_445' title='bbox 989 2744 1039 2769; x_wconf 82' lang='lat' dir='ltr'>ex</span> <span class='ocrx_word' id='word_1_446' title='bbox 1061 2729 1167 2768; x_wconf 83' lang='lat' dir='ltr'>Jove</span> <span class='ocrx_word' id='word_1_447' title='bbox 1189 2727 1396 2781; x_wconf 83' lang='lat' dir='ltr'>peperisse</span> <span class='ocrx_word' id='word_1_448' title='bbox 1419 2726 1729 2780; x_wconf 87' lang='lat' dir='ltr'>perhibebatur.</span> <span class='ocrx_word' id='word_1_449' title='bbox 1768 2724 1862 2778; x_wconf 85' lang='lat' dir='ltr'>Ego</span> 
     </span>
     <span class='ocr_line' id='line_1_47' title="bbox 347 2782 1862 2840; baseline -0.005 -14"><span class='ocrx_word' id='word_1_450' title='bbox 347 2787 449 2828; x_wconf 83' lang='lat' dir='ltr'>haec</span> <span class='ocrx_word' id='word_1_451' title='bbox 471 2787 622 2835; x_wconf 81' lang='lat' dir='ltr'>omnia,</span> <span class='ocrx_word' id='word_1_452' title='bbox 644 2792 813 2840; x_wconf 85' lang='lat' dir='ltr'>praeter</span> <span class='ocrx_word' id='word_1_453' title='bbox 834 2785 1032 2826; x_wconf 80' lang='lat' dir='ltr'>Gronovii</span> <span class='ocrx_word' id='word_1_454' title='bbox 1055 2784 1302 2838; x_wconf 73' lang='lat' dir='ltr'>opinionem,</span> <span class='ocrx_word' id='word_1_455' title='bbox 1325 2797 1423 2822; x_wconf 78' lang='lat' dir='ltr'>vera</span> <span class='ocrx_word' id='word_1_456' title='bbox 1444 2782 1751 2835; x_wconf 88' lang='lat' dir='ltr'>quadamtenus</span> <span class='ocrx_word' id='word_1_457' title='bbox 1772 2794 1862 2820; x_wconf 85' lang='lat' dir='ltr'>esse</span> 
     </span>
     <span class='ocr_line' id='line_1_48' title="bbox 348 2837 1862 2891; baseline -0.004 -9"><span class='ocrx_word' id='word_1_458' title='bbox 348 2844 580 2891; x_wconf 79' lang='lat' dir='ltr'>ostendam,</span> <span class='ocrx_word' id='word_1_459' title='bbox 609 2850 654 2883; x_wconf 83' lang='lat' dir='ltr'>et</span> <span class='ocrx_word' id='word_1_460' title='bbox 679 2843 789 2882; x_wconf 88' lang='lat' dir='ltr'>inter</span> <span class='ocrx_word' id='word_1_461' title='bbox 815 2856 857 2882; x_wconf 91' lang='lat' dir='ltr'>se</span> <span class='ocrx_word' id='word_1_462' title='bbox 884 2841 1105 2882; x_wconf 83' lang='lat' dir='ltr'>conciliare</span> <span class='ocrx_word' id='word_1_463' title='bbox 1131 2839 1321 2880; x_wconf 78' lang='lat' dir='ltr'>studebo,</span> <span class='ocrx_word' id='word_1_464' title='bbox 1375 2837 1522 2878; x_wconf 77' lang='grc' dir='ltr'>’Έσται</span> <span class='ocrx_word' id='word_1_465' title='bbox 1548 2839 1589 2877; x_wconf 78' lang='grc' dir='ltr'>δὲ</span> <span class='ocrx_word' id='word_1_466' title='bbox 1617 2838 1705 2887; x_wconf 85' lang='grc' dir='ltr'>περὶ</span> <span class='ocrx_word' id='word_1_467' title='bbox 1736 2837 1862 2876; x_wconf 82' lang='grc' dir='ltr'>αὐτῶν</span> 
     </span>
     <span class='ocr_line' id='line_1_49' title="bbox 348 2892 1832 2951; baseline -0.005 -12"><span class='ocrx_word' id='word_1_468' title='bbox 348 2900 497 2951; x_wconf 78' lang='grc' dir='ltr'>βραχὺς</span> <span class='ocrx_word' id='word_1_469' title='bbox 519 2901 538 2939; x_wconf 91' lang='grc' dir='ltr'><em>ὁ</em></span> <span class='ocrx_word' id='word_1_470' title='bbox 560 2900 690 2951; x_wconf 80' lang='grc' dir='ltr'>λόγος,</span> <span class='ocrx_word' id='word_1_471' title='bbox 715 2898 786 2938; x_wconf 79' lang='grc' dir='ltr'>κᾶν</span> <span class='ocrx_word' id='word_1_472' title='bbox 809 2899 959 2938; x_wconf 82' lang='grc' dir='ltr'>ἄνωθεν</span> <span class='ocrx_word' id='word_1_473' title='bbox 980 2898 1172 2949; x_wconf 83' lang='grc' dir='ltr'>ἄρχεσθαι</span> <span class='ocrx_word' id='word_1_474' title='bbox 1193 2899 1302 2941; x_wconf 81' lang='grc' dir='ltr'>δοκῶ,</span> <span class='ocrx_word' id='word_1_475' title='bbox 1327 2899 1374 2934; x_wconf 82' lang='lat' dir='ltr'>ut</span> <span class='ocrx_word' id='word_1_476' title='bbox 1395 2908 1488 2934; x_wconf 80' lang='lat' dir='ltr'>cum</span> <span class='ocrx_word' id='word_1_477' title='bbox 1509 2898 1653 2933; x_wconf 79' lang='lat' dir='ltr'>nostro</span> <span class='ocrx_word' id='word_1_478' title='bbox 1673 2892 1832 2946; x_wconf 86' lang='lat' dir='ltr'>loquar.</span> 
     </span>
    </p>

    <p class='ocr_par' dir='ltr' id='par_1_4' title="bbox 407 2950 1860 3009">
     <span class='ocr_line' id='line_1_50' title="bbox 407 2950 1860 3009; baseline -0.006 -14"><span class='ocrx_word' id='word_1_479' title='bbox 407 2955 501 2995; x_wconf 85' lang='lat' dir='ltr'>Etsi</span> <span class='ocrx_word' id='word_1_480' title='bbox 528 2955 756 3009; x_wconf 83' lang='lat' dir='ltr'>peculiares</span> <span class='ocrx_word' id='word_1_481' title='bbox 786 2953 1007 3007; x_wconf 87' lang='lat' dir='ltr'>unicuique</span> <span class='ocrx_word' id='word_1_482' title='bbox 1032 2952 1147 3007; x_wconf 83' lang='lat' dir='ltr'>genti</span> <span class='ocrx_word' id='word_1_483' title='bbox 1175 2950 1329 2991; x_wconf 84' lang='lat' dir='ltr'>fuerint</span> <span class='ocrx_word' id='word_1_484' title='bbox 1358 2951 1534 2999; x_wconf 80' lang='lat' dir='ltr'>fabulae,</span> <span class='ocrx_word' id='word_1_485' title='bbox 1563 2950 1605 2989; x_wconf 90' lang='lat' dir='ltr'>in</span> <span class='ocrx_word' id='word_1_486' title='bbox 1641 2963 1689 2989; x_wconf 89' lang='lat' dir='ltr'>eo</span> <span class='ocrx_word' id='word_1_487' title='bbox 1719 2952 1860 2989; x_wconf 83' lang='lat' dir='ltr'>tamen</span> 
     </span>
    </p>
   </div>
  </div>
 </body>
</html>
