1997 3256
740 164 801 204 IN
836 165 1088 207 MIDIAM.
1589 173 1673 215 749

157 268 298 318 φάσει
328 268 583 320 χρησάμενος,
612 269 653 308 111
687 284 749 317 ea,
777 286 881 324 quae
914 271 1078 312 videtur
1112 272 1167 313 ibi
1200 273 1392 323 indicari,
1427 275 1670 315 diversitate

154 323 425 371 hac1·camus;
459 327 685 375 ὑποτίμησις
706 327 814 366 0111111
836 332 899 367 est
920 329 1115 368 ‹nra-efflatio
1137 336 1179 369 et
1201 332 1398 380 πρόφασις
1424 345 1563 370 caussa
1585 331 1671 370 sive

146 386 388 432 praetatus.
453 380 501 419 In
530 381 721 421 omnibus
749 390 890 422 autem
923 384 985 422 llis
1017 385 1215 438 exemplis
1241 385 1355 425 vides
1386 386 1579 439 propriae
1610 387 1670 426 rei

154 435 216 474 vel
251 450 422 476 caussae
462 437 675 477 notionem
717 453 912 485 manere;
958 446 1002 480 ut
1040 441 1192 480 merito
1228 441 1389 481 mireris
1425 446 1672 494 usurpatam

155 490 282 530 etiam
303 505 392 530 esse
413 492 463 532 de
485 494 740 535 correctione
760 495 1063 535 aestimationis
1085 497 1137 535 ab
1160 496 1242 535 alio
1264 496 1305 535 in
1327 497 1433 535 illius
1455 512 1498 537 re
1520 499 1668 546 sactae,

155 547 265 598 quod
302 547 352 586 de
388 548 477 587 1000
513 549 646 589 altero
679 550 719 589 in
752 551 997 590 Aristotelis
1021 551 1296 590 Oeconomico
1324 563 1359 600 2,
1382 564 1419 605 5.
1444 553 1595 592 docent
1627 558 1670 593 et

156 602 396 642 Schneider.
428 609 469 644 et
498 604 731 645 Boeckhius
763 607 932 656 (Oecon.
957 607 1114 646 Athen.
1137 607 1213 646 vol.
1240 619 1273 645 2.
1297 621 1335 659 p.
1358 612 1459 659 45.).
1524 608 1669 662 Neque

155 662 309 702 tamen,
333 659 365 698 si
389 660 492 699 satis
512 662 632 701 firma
653 668 714 701 est
739 663 825 714 ejus
847 662 967 701 unius
993 662 1070 701 loci
1092 666 1135 701 et
1160 662 1282 701 lectio
1305 667 1347 702 et
1367 662 1489 711 ratio,
1513 669 1575 703 est
1597 678 1671 703 cur

154 715 208 753 ab
231 714 297 754 illa
330 721 474 755 nostra
504 716 627 769 hujus
648 717 761 757 verbi
784 717 1039 757 tractatione
1061 717 1153 756 ideo
1175 718 1429 757 recedamus.
1492 718 1600 758 Nam
1627 720 1670 759 in

155 774 277 810 tanta
311 786 506 810 sensuum
537 779 579 812 et
610 773 839 815 notionunr
874 773 914 811 in
950 773 1074 812 rebus
1108 773 1371 826 potissimum
1400 774 1667 826 quotidianis,

155 825 428 866 fluctuatione
450 828 568 867 facile
590 828 678 867 fieri
710 828 849 881 potuit
872 833 919 868 ut
940 829 1186 868 vocabulum
1218 829 1295 868 hoc
1322 829 1670 883 significationem

154 882 376 935 excipiendi
395 888 436 922 et
453 882 670 935 objiciendi,
690 899 813 937 quam
836 884 875 922 in
899 884 1105 937 plerisque
1127 899 1178 924 ex
1200 884 1279 924 illis
1297 885 1495 939 exemplis
1515 892 1668 936 servat,

154 937 286 976 solam
317 939 487 978 tandem
519 939 739 979 retinuerit
765 945 807 979 et
835 939 945 979 illam
972 940 1023 980 de
1051 955 1091 980 re
1115 942 1290 994 propria
1317 941 1516 982 amiserit.
1578 943 1669 993 Quo

154 993 289 1032 minus
317 999 459 1033 autem
490 1009 583 1033 cum
611 995 863 1035 Schneidero
889 996 942 1035 ab
970 995 1037 1036 illa
1066 1003 1204 1037 eontra
1235 998 1476 1037 aestimandi
1500 998 1669 1039 notione

153 1049 305 1097 ordiar,
328 1049 427 1089 facit
458 1050 719 1103 potissimum
740 1051 805 1090 ille
828 1052 897 1104 qui
919 1057 981 1092 est
1005 1052 1045 1091 in
1070 1052 1259 1092 Alexidis
1288 1053 1376 1092 loco
1402 1053 1530 1093 allato
1556 1069 1667 1103 usus,

153 1105 207 1145 ad
230 1119 351 1158 quem
373 1105 450 1146 hac
472 1106 636 1146 ratione
659 1122 741 1147 non
763 1108 867 1147 satis
889 1108 1104 1148 commode
1124 1109 1352 1162 pervenias.
1397 1109 1623 1150 BUTTM.

209 1175 306 1214 509,
332 1175 393 1213 14.
416 1163 459 1201 οὐ
480 1165 752 1214 γὰρ-ὁρικός
773 1165 842 1203 οὖν
864 1165 883 1203 ὁ
911 1166 1029 1214 λόγος
1050 1166 1093 1214 τῇ
1118 1164 1275 1217 στάσει]
1320 1165 1416 1204 Hoc
1446 1166 1668 1206 manifesto

153 1231 203 1256 ex
241 1217 522 1272 Hermogenis
558 1219 748 1259 doctrina
783 1219 917 1267 fluxit,
956 1220 1074 1273 cujus
1110 1221 1297 1274 exemplo
1332 1222 1489 1274 posteri
1526 1237 1668 1262 01111108

153 1273 261 1313 hanc
283 1273 514 1314 orationem
534 1275 588 1314 ad
610 1276 741 1326 ὁρικὸν
761 1275 845 1315 sive
866 1275 1124 1315 definitivum
1146 1291 1365 1316 causarum
1395 1292 1525 1331 genus
1556 1283 1668 1318 retu—

152 1329 349 1375 leruntb;
383 1330 527 1370 eadem
550 1345 646 1370 vero
677 1331 1022 1371 antecedentibus
1050 1347 1212 1385 quoque
1237 1332 1400 1373 Libanii
1427 1334 1563 1373 verbis
1591 1349 1668 1388 pro

151 1385 424 1426 fundamento
447 1392 556 1435 sunt,
580 1387 613 1426 si
635 1387 801 1440 quidem
822 1387 883 1427 ita
906 1387 1086 1441 colligit:
1120 1388 1252 1428 solam
1273 1403 1432 1441 poenae
1457 1389 1668 1431 existima—

153 1441 310 1481 tionem
340 1441 383 1480 in
408 1442 566 1495 judicio
596 1443 677 1497 agi.
701 1443 799 1496 quia
830 1457 912 1482 non
943 1444 1045 1483 facti
1074 1444 1147 1483 sed
1174 1444 1352 1484 nominis
1383 1446 1669 1486 controversia

152 1497 219 1545 sit,
244 1501 310 1536 τοῦ
329 1499 402 1547 μὲν
425 1501 588 1538 Μειδίου
618 1499 807 1550 λέγοντος
831 1500 947 1549 ὕβριν
969 1499 1068 1539 εἶναι
1088 1500 1131 1538 τὸ
1153 1502 1343 1552 πραχθὲν,
1368 1501 1498 1550 ἐπειδὴ
1521 1502 1667 1553 ἔτυψεν

153 1554 275 1603 ἄνδρα
305 1554 528 1605 ἐλεύθερον,
551 1557 617 1593 τοῦ
639 1556 681 1594 δὲ
703 1554 980 1604 Δημοσθένους
1009 1555 1212 1605 ἀσέβειαν,
1237 1556 1368 1605 ἐπειδὴ
1388 1557 1556 1608 χορηγὸς
1577 1558 1624 1607 ἢν
1646 1560 1666 1597 ὁ

152 1610 310 1660 τυφθεὶς
332 1610 393 1649 καὶ
421 1611 463 1649 ἐν
486 1611 710 1652 Διονυσίοις
742 1611 802 1650 καὶ
833 1612 876 1650 ἐν
898 1611 1070 1664 θεάτρῳε
1104 1611 1322 1664 quaeritur
1353 1612 1495 1666 igitur,
1516 1627 1668 1654 verane

152 1664 254 1705 hacc
277 1679 451 1705 caussae
472 1666 718 1706 constitutio
740 1666 806 1714 sit,
825 1681 877 1706 an
895 1666 1044 1707 falsam
1065 1667 1393 1721 propositionem
1415 1669 1518 1709 falsa
1539 1669 1667 1709 etiam

154 1721 362 1761 conclusio
394 1724 622 1775 sequatur?
682 1724 827 1775 Atque
848 1723 926 1762 1100
947 1723 1036 1763 1000
1058 1724 1196 1763 facere
1217 1738 1299 1763 non
1325 1739 1544 1777 possumus
1567 1725 1667 1778 quin

154 1777 329 1817 candide
363 1779 636 1831 profiteamur
671 1779 791 1818 nobis
824 1778 885 1818 vel
924 1779 1145 1819 Libanium
1177 1780 1240 1819 vel
1277 1780 1588 1834 Hermogenem
1624 1786 1667 1822 et

153 1832 265 1887 ipsos
295 1849 458 1874 errasse
489 1842 531 1875 et
562 1835 653 1875 aliis
685 1835 850 1875 errandi
882 1849 1074 1875 caussam
1104 1835 1316 1876 exstitisse
1337 1836 1478 1884 videri,
1510 1841 1558 1877 ut
1588 1837 1667 1877 hoc

152 1890 331 1930 maxime
362 1890 430 1945 agi
464 1891 505 1930 in
534 1891 724 1932 Midiana
745 1891 1048 1940 existimarent,
1072 1896 1213 1932 utrum
1234 1894 1383 1943 ὕβρεως
1403 1907 1457 1932 1111
1480 1894 1668 1943 ἀσεβείας

154 1960 248 1986 reus
285 1947 596 1987 condemnetur.
661 1948 768 1987 Nam
802 1962 927 2000 quum
964 1953 1078 1988 recte
1115 1948 1417 1988 intellexissent
1454 1952 1668 2004 στοχασμῷ

154 2002 237 2042 sive
273 2003 541 2056 conjecturali
575 2004 866 2044 constitutioni
903 2004 943 2042 in
980 2005 1057 2044 hac
1093 2018 1241 2044 caussa
1275 2005 1409 2043 locum
1446 2019 1529 2044 non
1565 2020 1665 2054 0880,

154 2059 298 2098 ordine
321 2058 361 2097 in
384 2059 597 2099 rhetorum
621 2060 771 2099 scholis
793 2065 961 2113 recepto
983 2061 1037 2100 ad
1059 2061 1150 2111 ὅρον
1168 2061 1419 2114 transgressi
1441 2061 1669 2102 haeserunt

153 2113 194 2153 in
216 2129 279 2162 eo,
302 2115 413 2168 quod
436 2116 739 2156 Demosthenes
767 2116 982 2170 augendae
1003 2116 1244 2156 atrocitatis
1266 2131 1413 2157 caussa
1432 2117 1497 2157 bis
1519 2122 1667 2171 terque

153 2171 320 2220 ἀσεβεῖν
343 2171 520 2211 Midian]
546 2172 687 2226 arguit
709 2186 838 2225 eoque
870 2172 1035 2212 nomine
1066 2172 1263 2225 injuriam
1291 2173 1344 2212 ab
1377 2188 1425 2212 eo
1451 2178 1666 2227 acceptam

153 2225 326 2280 simplici
358 2229 471 2279 ὕβρει
501 2228 700 2282 opponit:
734 2229 783 2268 cf.
811 2243 851 2281 p.
873 2241 970 2281 530.
1004 2231 1037 2268 εἰ
1066 2231 1139 2278 μὲν
1164 2230 1307 2276 τοίνυν,
1336 2228 1364 2268 ὦ
1396 2230 1531 2281 ἄνδρες
1551 2230 1667 2280 Ἀθη-

154 2286 268 2329 ναῖοι,
300 2283 352 2333 μὴ
387 2284 556 2336 χορηγὸς
593 2284 645 2324 ὣν
675 2284 777 2324 ταῦτ’
803 2286 1035 2324 ἐπεπόνθειν
1066 2285 1140 2324 ὑπὸ
1178 2287 1356 2334 Μειδίου,
1388 2287 1503 2336 ὕβριν
1535 2286 1583 2325 ἄν
1613 2302 1668 2328 τις

152 2339 276 2387 μόνον
307 2339 481 2390 κατέγνω
513 2344 588 2379 τῶν
619 2339 904 2391 πεπραγμένων
936 2341 1047 2393 αὐτῷ,
1077 2344 1145 2380 νῦν
1171 2340 1213 2380 δέ
1242 2358 1307 2390 μοι
1338 2344 1444 2381 δοκεῖ
1474 2341 1544 2381 κᾶν
1575 2341 1667 2381 ἀσέ-

153 2398 270 2442 βειαν
297 2396 330 2434 εἰ
361 2397 684 2447 καταγιγνώσκοι,
715 2398 762 2435 τὰ
792 2396 1039 2445 προσήκοντα
1069 2399 1213 2435 ποιεῖν;
1248 2402 1291 2436 et
1318 2411 1358 2450 p.
1379 2410 1476 2449 532.
1503 2397 1571 2436 τὸν
1599 2398 1668 2438 οὖν

154 2451 207 2490 εἵς
232 2466 319 2489 τινα
344 2451 490 2490 τούτων
510 2455 586 2490 τῶν
607 2455 802 2504 χορευτῶν
822 2451 844 2501 ἦ
866 2456 942 2490 τῶν
958 2455 1138 2503 χορηγῶν
1158 2453 1365 2502 ὑβρίζοντα
1389 2452 1445 2492 ἐπ’
1462 2453 1582 2506 ἔχθρᾳ
1605 2454 1667 2493 καὶ

152 2505 255 2544 ταῦτ’
271 2507 313 2545 ἐν
336 2507 434 2560 αὐτῷ
457 2507 507 2560 τῷ
529 2508 650 2558 ἀγῶνι
672 2508 732 2546 καὶ
759 2508 801 2546 ἐν
822 2509 872 2560 τῷ
895 2510 963 2546 τοῦ
984 2511 1074 2546 θεοῦ
1098 2509 1197 2561 ἱερῷ,
1220 2511 1357 2548 τοῦτον
1379 2509 1481 2548 ἄλλο
1504 2525 1538 2548 τι
1563 2509 1667 2558 πλὴν

195 2632 212 2655 b
238 2633 390 2672 Hermog.
407 2635 446 2664 de
466 2640 537 2664 stat.
555 2644 579 2663 c.
599 2646 628 2671 4.
646 2645 675 2673 p.
695 2634 755 2672 36:
780 2635 874 2664 τοῦτο

152 2675 201 2704 καὶ
227 2675 427 2713 Δημοσθένης
452 2677 485 2705 ἐν
505 2678 549 2713 τῷ
573 2676 653 2706 κατὰ
676 2676 801 2706 Μειδίου
822 2688 873 2706 πε·

151 2716 272 2753 ποίηκε·
297 2716 473 2756 φάσκοντος
496 2718 555 2757 γὰρ
575 2720 630 2748 τοῦ
648 2717 772 2748 Μειδίου
789 2719 876 2756 ὕβριν

152 2759 228 2790 εἶναι
252 2760 301 2790 καὶ
325 2760 487 2797 ἰδιωτικὸν,
504 2761 576 2790 ἀλλ’
591 2762 624 2791 οὐ
648 2760 795 2798 δημόσιον
811 2760 875 2790 ἀδί-

152 2814 243 2839 κημα,
259 2803 296 2832 τὸ
312 2803 381 2842 περὶ
397 2803 456 2838 τὴν
472 2803 582 2842 ἑορτὴν
599 2803 725 2840 συνάγει
746 2802 877 2842 ἑκάτερα

152 2844 202 2874 καὶ
219 2845 256 2874 τὸ
271 2846 328 2880 τῆς
345 2846 459 2884 ὕβρεως
483 2846 533 2875 καὶ
552 2846 589 2875 τὸ
608 2847 675 2885 περὶ
691 2845 750 2881 τὴν
767 2846 877 2884 ἑορτὴν

153 2885 283 2916 ἀδικεΐνε
310 2888 349 2917 cf.
367 2889 406 2918 de
429 2888 549 2918 invent.
576 2898 602 2926 3.
628 2898 655 2917 2.
679 2899 709 2927 p.
725 2898 803 2926 103:
827 2888 876 2917 καὶ

153 2928 188 2957 ἐν
203 2931 247 2967 τῷ
263 2929 343 2959 κατὰ
360 2929 486 2959 Μειδίου
509 2930 580 2968 ὅρου
603 2932 697 2966 οὔσης
720 2932 777 2966 τῆς
799 2930 876 2960 στά-

155 2981 242 3009 σεως,
258 2971 460 3011 ejusdemque
481 2973 666 3011 interpretes
682 2983 780 3011 quum
803 2973 878 3002 alios

942 2641 1010 2664 tum
1030 2634 1167 2665 Tzetzen
1192 2635 1222 2664 in
1242 2635 1382 2665 Crameri
1400 2636 1542 2665 Anecdd.
1561 2637 1664 2667 Oxon.

942 2676 1002 2705 vol.
1021 2685 1049 2712 4.
1074 2687 1102 2715 p.
1126 2676 1182 2713 (¹7³
1207 2678 1222 2706 ὁ
1249 2676 1309 2715 γὰρ
1338 2677 1417 2706 κατὰ
1442 2677 1567 2708 Μειδίου
1596 2679 1666 2718 πρὶν

943 2717 1158 2756 προειρημένος
1178 2717 1273 2756 λόγος
1297 2719 1427 2758 ὑπάρχει
1451 2719 1531 2749 κατὰ
1548 2719 1668 2757 σύλλη-

944 2763 996 2798 ψιν
1011 2761 1087 2799 ὅρος,
1104 2762 1143 2790 ὡς
1158 2761 1373 2801 προεγνιίκεις·
1395 2763 1450 2791 τοῦ
1465 2762 1525 2801 γὰρ
1543 2763 1668 2794 Μειδίου

945 2801 1097 2840 λέγοντος
1119 2804 1205 2842 ὕβριν
1221 2804 1257 2833 τὸ
1273 2802 1501 2842 πεπραγμένον,
1519 2804 1668 2840 ἀσέβειαν

944 2846 999 2875 οὐκ
1023 2844 1099 2874 εἶναι
1123 2844 1154 2874 δὲ
1178 2845 1304 2882 πληγὰς
1331 2847 1383 2876 τοῦ
1406 2846 1632 2885 Δημοσθένους,
1650 2850 1666 2878 ὁ

945 2886 1146 2924 Δημοσθένης
1163 2889 1334 2921 συλλαβὼν
1350 2887 1439 2927 ἄμφω
1455 2889 1494 2918 τὰ
1510 2889 1562 2919 δύο
1578 2888 1668 2928 λέγει

945 2931 994 2960 καὶ
1014 2930 1101 2969 ὕβριν
1117 2930 1166 2959 καὶ
1184 2930 1332 2965 ἀσέβειαν
1345 2929 1419 2960 εἶναι
1435 2931 1472 2960 τὸ
1488 2930 1665 2970 πεπραγμέ-

946 2984 998 3002 νον
1015 2984 1040 3001 κ.
1060 2984 1088 3001 τ.
1106 2978 1137 3001 λ.
