1997 3256
306 154 391 197 674
721 152 1046 193 ADVERSUS
1080 151 1408 192 LEPTINEM.

308 259 515 311 quomodo
547 258 826 312 respiciantur
861 258 904 297 in
937 256 1213 298 affinitatibus
1243 257 1478 311 jungendis,
1512 270 1586 310 per
1616 271 1659 296 se
1690 260 1823 309 patet.

309 315 466 354 Caussa
496 314 608 354 nulla
636 318 701 354 est
727 328 800 353 cur
830 314 965 353 locum
992 328 1085 353 cum
1118 313 1372 353 Marklando
1398 327 1476 366 pro
1498 312 1645 353 mutilo
1671 313 1824 352 habea-

306 384 409 409 mus.
472 370 566 409 Non
606 371 713 410 male
752 370 1009 423 respondent
1050 383 1156 422 quae
1196 373 1439 421 sequuntur,
1476 369 1583 420 γένει
1620 371 1681 408 καὶ
1718 367 1822 418 δόξῃ,

306 425 510 478 siquidem
534 426 647 478 γένος
674 426 729 466 ad
757 427 895 475 νόμους
921 425 1118 479 pertinet.
1181 424 1288 464 Sunt
1316 424 1424 464 enim
1451 424 1561 478 leges
1589 424 1639 464 de
1668 424 1825 477 nuptiis

305 481 513 535 legitimis.
575 482 624 521 F.
652 483 703 521 A.
728 481 923 521 WOLF.

362 548 460 588 474,
481 551 541 591 13·
560 538 862 592 κοινῇ-σώζῃ]
884 536 1049 577 Scilicet
1071 539 1221 575 σκοπεῖ.
1238 535 1379 575 civitas
1395 542 1546 582 comm,
1564 550 1590 575 α.
1603 549 1828 589 quocunque

305 591 498 644 beneficiis
539 594 681 645 afficta
721 599 791 633 ant
834 599 991 633 servata
1027 598 1090 639 est,
1127 591 1208 644 ejus
1243 591 1402 645 publice
1451 592 1646 631 rationem
1679 590 1822 637 habet,-

306 648 463 689 scilicet
494 650 537 689 ‘in
569 649 792 689 hominibus
829 648 907 688 sibi
939 648 1214 701 atym-(tendis,
1249 648 1290 686 in
1315 647 1516 700 praemiis
1549 654 1584 687 et
1618 646 1827 686 honoribus

305 704 535 745 tribuendis.
599 705 759 745 Verum
791 705 894 744 haec
926 703 1162 758 posteriora
1198 717 1324 757 quum
1356 702 1475 742 facile
1506 702 1825 751 subaudiantur,

306 774 388 800 non
415 761 568 802 diserte
596 761 692 814 poni
720 775 824 814 opus
852 766 957 800 crat.
1020 759 1233 807 Proxima,
1256 762 1368 798 τοῦτο
1397 757 1426 798 δ’
1450 759 1495 798 οὐ
1521 758 1629 810 γένει
1652 759 1713 798 καὶ
1735 761 1826 813 δόξῃ

306 819 536 867 κρινόμενον
566 820 640 857 ἴδοι
669 834 724 859 τις
753 817 813 862 ἂν,
838 815 927 856 ἀλλ’
953 816 1066 869 ἔργῳ,
1089 815 1146 854 sic
1175 814 1340 868 accipe:
1374 813 1452 854 tale
1480 820 1612 854 autem
1621 813 1827 866 judicium

293 872 394 923 fieri
430 873 563 912 videas
594 887 668 912 non
700 887 745 912 (w
772 872 924 926 §oneris
958 878 1028 911 aut
1058 871 1288 924 opinionum
1322 871 1485 919 ratione,
1517 869 1587 910 secl
1620 884 1665 909 ex
1683 870 1826 923 factis.

309 927 517 968 Videlicet
545 928 586 967 in
616 928 795 975 homine,
823 928 893 981 qui
920 942 996 967 nos
1027 927 1243 975 demeruit,
1266 940 1349 965 non
1381 926 1618 979 quaerimus
1649 925 1826 978 publice,

306 988 407 1023 ante
438 998 563 1037 quam
594 998 918 1031 remuneremur,
940 984 1051 1036 eijcis
1083 982 1149 1030 sit,
1173 996 1297 1035 quam
1313 983 1448 1035 five-qi,
1473 996 1598 1035 quam
1628 987 1826 1029 namatus,

305 1038 420 1078 albus
448 1054 503 1078 an
529 1046 642 1086 atem
676 1040 795 1079 unice
823 1044 1060 1092 spectamus
1070 1040 1202 1091 facta,
1227 1043 1465 1091 spectamus
1492 1037 1827 1091 magnitudinem

306 1108 460 1141 eorum,
485 1109 592 1148 quae
614 1095 655 1134 111
677 1109 752 1135 nos
770 1096 824 1135 ab
846 1108 894 1134 eo
915 1095 1103 1147 profecta
1125 1100 1235 1134 sunt.
1259 1093 1307 1132 F.
1330 1094 1386 1132 A.
1403 1093 1597 1133 WOLF.
1630 1092 1828 1145 Suspicor

308 1149 529 1203 Leptinem
561 1151 731 1203 ejusque
764 1151 1068 1203 subscriptores
1100 1149 1180 1203 legi
1213 1163 1313 1189 suae
1346 1149 1525 1202 speciem
1566 1148 1694 1188 etiam
1729 1148 1826 1187 inde

307 1205 569 1258 quaesivisse,
594 1207 705 1260 quod
732 1206 774 1245 in
805 1210 884 1247 τοῖς
910 1205 1131 1256 εὑρημένοις
1162 1205 1231 1253 τὴν
1255 1204 1437 1244 ἀτέλειαν
1467 1204 1656 1244 homines
1684 1218 1826 1243 nume-

305 1261 389 1301 rari
411 1263 564 1313 ἀγενεῖς
586 1263 647 1302 καὶ
668 1263 828 1312 ἀδόξους
850 1261 1108 1301 dictitarent.
1151 1260 1216 1300 SC
1226 1259 1413 1299 HAEF.

361 1329 459 1368 474,
488 1330 551 1368 17.
576 1319 628 1357 In
649 1323 791 1358 annot.
814 1318 853 1356 d.
875 1322 972 1370 post
995 1317 1172 1366 ἐάσωμεν
1193 1315 1350 1356 excidit
1372 1315 1480 1369 sigla
1500 1316 1552 1354 A.

362 1386 459 1424 474,
486 1386 549 1425 19.
573 1375 679 1413 ἀλλὰ
709 1375 753 1423 νὴ
772 1372 837 1412 Δί’
862 1374 966 1413 οὗτοι
991 1371 1186 1425 μόνοι-1
1210 1373 1349 1420 Leuca,
1373 1371 1590 1426 Eln‘cerdes
1612 1377 1646 1411 et
1666 1370 1825 1425 reliqui.

309 1428 467 1468 Saltem
504 1428 639 1482 primo
673 1429 875 1482 adspectu
912 1429 989 1468 hos
1021 1442 1164 1468 onmes
1196 1427 1336 1468 animo
1371 1427 1613 1480 repetimus.
1675 1427 1826 1466 Nescio

306 1489 447 1524 tamen
478 1499 531 1524 an
562 1485 760 1538 primaria
786 1484 903 1525 notio
931 1484 987 1525 sit
1015 1486 1051 1524 οἱ
1081 1484 1199 1534 ξένοι,
1222 1490 1269 1523 ut
1298 1488 1341 1523 et
1369 1483 1545 1537 posthac
1571 1483 1658 1534 περὶ
1678 1484 1826 1523 τούτων

306 1540 361 1580 sit
387 1541 473 1591 περὶ
501 1540 634 1590 ξένων.
688 1541 804 1581 Conf.
834 1556 873 1594 p.
891 1552 987 1591 477,
1014 1553 1049 1590 7.
1094 1541 1142 1579 F.
1167 1540 1221 1580 A.
1244 1539 1440 1579 WOLF.
1477 1540 1581 1578 οὗτοι
1612 1543 1654 1578 et
1680 1540 1826 1579 τούτων

306 1596 375 1636 vix
405 1596 623 1650 quisquam
654 1597 820 1636 dubitet
854 1596 1038 1635 indicare
1070 1610 1151 1642 eos,
1183 1609 1285 1648 quos
1316 1601 1461 1636 orator
1491 1609 1619 1648 supra
1649 1608 1826 1634 comme-

305 1652 497 1692 moravit.
540 1653 594 1692 V.
618 1653 810 1692 Reiskius
832 1652 886 1692 ad
908 1667 943 1691 v.
969 1665 1035 1691 20.
1074 1651 1325 1692 SCHAEF.

361 1718 459 1760 474,
504 1721 570 1748 21.
622 1708 827 1761 ἐξετάζειν]
869 1721 1181 1753 conmzemorccre,
1225 1720 1470 1755 enumerare,
1512 1720 1720 1746 recensere.
1771 1707 1825 1745 ὧν

306 1763 515 1815 ἐπέρχεταί
538 1781 603 1814 μοι
632 1766 804 1815 πρώτους
831 1763 1010 1813 ἐξετάσαι
1037 1764 1125 1805 τοὺς
1154 1765 1195 1802 ἐκ
1228 1764 1420 1814 Κορίνθου
1446 1764 1644 1814 φυγόντας
1665 1777 1704 1816 p.
1726 1772 1824 1814 472,

311 1820 373 1858 18.
418 1819 666 1860 SCHAEF.

361 1887 458 1926 474,
484 1877 549 1915 26.
574 1877 752 1916 Θασίους
772 1875 858 1916 τοὺς
878 1875 961 1925 μετῆ
976 1874 1217 1927 Ἐκφάντου]
1242 1875 1479 1914 Lucramur
1499 1888 1549 1913 ex
1571 1873 1650 1914 11.1.
1672 1887 1824 1913 nomen

307 1930 462 1979 Thasii,
486 1931 555 1984 qui
586 1931 733 1971 ducem
765 1945 808 1970 se
838 1930 1010 1971 factioni
1039 1931 1304 1985 praebuerat,
1334 1944 1440 1983 quae
1471 1929 1743 1982 Thrasybulo,
1771 1932 1824 1983 τῷ

306 1988 509 2041 δημοτικῷ,
543 1987 729 2027 Thasum
760 1986 938 2027 insulam
974 1992 1015 2026 et
1048 1988 1173 2026 urbes
1211 1986 1414 2026 Thraciae
1449 1985 1656 2039 adjunxit.
1718 1986 1824 2025 Rem

306 2042 440 2095 ipsam
470 2048 646 2083 narrant
670 2043 913 2095 Xenophon
946 2043 1110 2082 Hellen.
1145 2042 1186 2080 in
1219 2042 1429 2096 prioribus
1460 2041 1554 2081 libri
1585 2041 1719 2094 primi,
1751 2041 1824 2081 ubi

306 2098 493 2151 inprimis
530 2099 610 2138 vid.
646 2113 680 2137 c.
716 2112 749 2138 1.
787 2100 821 2151 ξ.
848 2111 910 2151 23.
950 2103 991 2138 et
1024 2113 1056 2137 c.
1085 2113 1124 2149 4.
1161 2099 1200 2149 ξ.
1224 2113 1278 2149 4.,
1322 2102 1364 2137 et
1405 2097 1615 2137 Diodorus
1658 2111 1718 2151 13,
1754 2108 1823 2150 72.

309 2153 502 2194 Pertinet
522 2169 588 2193 res
613 2155 668 2194 ad
690 2154 850 2207 Olymp.
906 2167 941 2203 2,
960 2170 1010 2204 4.,
1033 2154 1111 2193 1100
1133 2158 1209 2201 est,
1231 2154 1286 2193 ad
1306 2168 1461 2193 annum
1477 2153 1572 2193 belli
1595 2153 1825 2206 Peloponn.

310 2222 389 2263 23„
416 2214 464 2249 ut>
493 2216 641 2250 auctor
675 2215 818 2249 noster
849 2224 942 2248 cum
974 2210 1259 2262 Xenophonte
1290 2209 1465 2248 collatus
1496 2209 1643 2248 docere
1670 2213 1824 2262 potest.

309 2265 520 2305 Diodorus
552 2266 690 2319 paullo
732 2265 862 2305 serius
895 2265 1024 2319 ponit,
1055 2271 1101 2306 ut
1142 2264 1303 2305 monuit
1333 2264 1648 2319 WVesselingius.
1691 2266 1741 2305 F.
1768 2265 1823 2304 A.

363 2388 416 2429 47
421 2388 460 2430 5,
483 2390 521 2430 3.
543 2377 759 2430 Ἀρχέβιον
779 2378 840 2417 καὶ
861 2376 1139 2430 (Ηρακλείδην]
1163 2377 1276 2416 Η1110·
1299 2390 1461 2430 quoque
1482 2376 1679 2416 notitiam
1698 2391 1827 2429 quan-

310 2433 407 2472 dam
455 2433 666 2473 lucramur
712 2433 753 2472 in
793 2432 981 2480 historia,
1025 2447 1150 2486 quam
1189 2433 1354 2473 brevius
1402 2433 1543 2486 tangit
1585 2432 1827 2485 Xenophon

310 2488 473 2528 Hellen.
495 2503 533 2538 4,
559 2490 595 2537 ὃ,
621 2502 686 2539 27.
747 2488 877 2528 Haud
899 2489 1105 2529 diversam
1127 2489 1235 2528 enim
1257 2503 1344 2528 rem
1365 2489 1418 2528 ab
1440 2488 1642 2528 historico
1664 2488 1825 2528 narrari

308 2545 432 2584 fidem
460 2544 619 2584 faciunt
651 2559 757 2598 quae
784 2545 895 2597 apud
928 2559 1021 2585 eum
1051 2545 1248 2599 leguntur
1276 2545 1327 2584 de
1354 2544 1523 2584 decimis
1553 2543 1825 2584 Ponticarum

308 2601 474 2640 navium
495 2600 685 2640 venditis.
748 2600 786 2639 N
789 2615 857 2640 am
878 2600 919 2639 id
941 2600 1076 2654 ipsum
1098 2601 1273 2655 vectigal
1295 2615 1422 2654 quum
1438 2601 1527 2653 jam
1555 2599 1670 2653 prius
1692 2600 1825 2639 Athe-

308 2657 471 2696 nienses
500 2656 746 2710 exegissent,
771 2671 819 2696 eo
847 2657 1013 2710 spoliati
1036 2657 1230 2697 videntur
1255 2657 1372 2697 clade
1399 2657 1451 2696 ad
1474 2656 1824 2710 Aegospotamos.

311 2712 410 2752 Vid.
445 2713 642 2765 Xenoph.
678 2712 840 2752 Hellen.
882 2726 912 2760 1,
948 2726 981 2761 1,
1019 2726 1082 2763 14.
1129 2713 1275 2766 Polyb.
1306 2727 1345 2762 4,
1377 2726 1448 2761 44.
1493 2711 1739 2751 Heraclides
1769 2726 1824 2751 an

309 2767 406 2807 alibi
448 2773 639 2808 occurrat
679 2768 872 2821 equidem
919 2769 1069 2808 nescio.
1145 2769 1227 2808 Sed
1267 2767 1503 2807 Archebius
1544 2767 1586 2806 in
1626 2767 1825 2807 studiosis

310 2823 630 2863 Atheniensium
666 2828 912 2863 numeratur
946 2839 971 2863 a
1010 2828 1155 2863 nostro
1194 2823 1237 2862 in
1278 2823 1533 2863 Aristocrat.
1566 2838 1604 2876 p.
1634 2824 1728 2876 683,
1759 2824 1824 2862 28.

311 2879 449 2917 Ambo
471 2879 509 2918 h.
532 2880 556 2918 l.
578 2879 785 2932 principes
812 2879 1008 2919 dicuntur
1029 2879 1325 2933 Byzantiorum
1344 2878 1510 2933 Jcivium,
1534 2878 1603 2932 qui
1633 2879 1825 2932 partibus

311 2933 632 2974 Atheniensium
663 2935 849 2976 faventes
881 2936 1027 2975 urbem
1062 2950 1191 2984 suam,
1227 2935 1570 2976 Lacedaemoniis
1603 2939 1694 2976 tum
1730 2935 1823 2975 sub-
