<?xml version="1.0" encoding="UTF-8"?>
<!DOCTYPE html PUBLIC "-//W3C//DTD XHTML 1.0 Transitional//EN"
    "http://www.w3.org/TR/xhtml1/DTD/xhtml1-transitional.dtd">
<html xmlns="http://www.w3.org/1999/xhtml" xml:lang="en" lang="en">
 <head>
  <title>
</title>
<meta http-equiv="Content-Type" content="text/html;charset=utf-8" />
  <meta name='ocr-system' content='tesseract 3.04.00' />
  <meta name='ocr-capabilities' content='ocr_page ocr_carea ocr_par ocr_line ocrx_word'/>
</head>
<body>
  <div class='ocr_page' id='page_1' title='image "./operaexrecension06demouoft/operaexrecension06demouoft_0103.png"; bbox 0 0 1997 3256; ppageno 0'>
   <div class='ocr_carea' id='block_1_1' title="bbox 510 154 1613 199">
    <p class='ocr_par' dir='ltr' id='par_1_1' title="bbox 510 154 1613 199">
     <span class='ocr_line' id='line_1_1' title="bbox 510 154 1613 199; baseline 0.003 -5"><span class='ocrx_word' id='word_1_1' title='bbox 510 154 833 195; x_wconf 84' lang='lat' dir='ltr'><strong>ADVERSUS</strong></span> <span class='ocrx_word' id='word_1_2' title='bbox 868 155 1196 195; x_wconf 74' lang='lat' dir='ltr'>LEPTINEM.</span> <span class='ocrx_word' id='word_1_3' title='bbox 1529 156 1613 199; x_wconf 79' lang='lat'>689</span> 
     </span>
    </p>
   </div>
   <div class='ocr_carea' id='block_1_2' title="bbox 94 259 1615 3038">
    <p class='ocr_par' dir='ltr' id='par_1_2' title="bbox 94 259 1615 858">
     <span class='ocr_line' id='line_1_2' title="bbox 97 259 1611 314; baseline 0.001 -16"><span class='ocrx_word' id='word_1_4' title='bbox 97 273 148 299; x_wconf 91' lang='lat' dir='ltr'>ne</span> <span class='ocrx_word' id='word_1_5' title='bbox 179 259 260 299; x_wconf 90' lang='lat' dir='ltr'>ista</span> <span class='ocrx_word' id='word_1_6' title='bbox 292 259 472 299; x_wconf 86' lang='lat' dir='ltr'>varietas</span> <span class='ocrx_word' id='word_1_7' title='bbox 502 259 669 313; x_wconf 79' lang='lat' dir='ltr'>gravius</span> <span class='ocrx_word' id='word_1_8' title='bbox 705 260 871 314; x_wconf 83' lang='lat' dir='ltr'>aliquod</span> <span class='ocrx_word' id='word_1_9' title='bbox 902 261 1097 300; x_wconf 85' lang='lat' dir='ltr'>mendum</span> <span class='ocrx_word' id='word_1_10' title='bbox 1128 260 1304 307; x_wconf 75' lang='lat' dir='ltr'>oeeulat,</span> <span class='ocrx_word' id='word_1_11' title='bbox 1337 265 1411 300; x_wconf 86' lang='lat' dir='ltr'>aut</span> <span class='ocrx_word' id='word_1_12' title='bbox 1447 259 1611 313; x_wconf 80' lang='lat' dir='ltr'>integra</span> 
     </span>
     <span class='ocr_line' id='line_1_3' title="bbox 95 314 1612 370; baseline 0.003 -17"><span class='ocrx_word' id='word_1_13' title='bbox 95 314 304 355; x_wconf 84' lang='lat' dir='ltr'>sententia</span> <span class='ocrx_word' id='word_1_14' title='bbox 332 315 452 363; x_wconf 75' lang='lat' dir='ltr'>desit,</span> <span class='ocrx_word' id='word_1_15' title='bbox 475 315 538 354; x_wconf 88' lang='lat' dir='ltr'>his</span> <span class='ocrx_word' id='word_1_16' title='bbox 560 316 622 355; x_wconf 78' lang='lat' dir='ltr'>vel</span> <span class='ocrx_word' id='word_1_17' title='bbox 650 316 851 356; x_wconf 79' lang='lat' dir='ltr'>similibus</span> <span class='ocrx_word' id='word_1_18' title='bbox 880 322 1081 370; x_wconf 76' lang='lat' dir='ltr'>concepta</span> <span class='ocrx_word' id='word_1_19' title='bbox 1102 316 1236 356; x_wconf 80' lang='lat' dir='ltr'>verbis</span> <span class='ocrx_word' id='word_1_20' title='bbox 1256 333 1263 356; x_wconf 90' lang='lat'>:</span> <span class='ocrx_word' id='word_1_21' title='bbox 1298 317 1358 355; x_wconf 82' lang='grc' dir='ltr'>καὶ</span> <span class='ocrx_word' id='word_1_22' title='bbox 1380 317 1482 357; x_wconf 84' lang='grc' dir='ltr'>ὅπως</span> <span class='ocrx_word' id='word_1_23' title='bbox 1505 317 1612 366; x_wconf 83' lang='grc' dir='ltr'>ὑμεῖς</span> 
     </span>
     <span class='ocr_line' id='line_1_4' title="bbox 95 372 1612 425; baseline 0.001 -15"><span class='ocrx_word' id='word_1_24' title='bbox 95 372 277 420; x_wconf 76' lang='grc' dir='ltr'>ἐξουσίαι·</span> <span class='ocrx_word' id='word_1_25' title='bbox 308 372 413 420; x_wconf 79' lang='grc' dir='ltr'>ἕξετε</span> <span class='ocrx_word' id='word_1_26' title='bbox 444 375 577 411; x_wconf 80' lang='grc' dir='ltr'>δοῦναι</span> <span class='ocrx_word' id='word_1_27' title='bbox 608 374 655 411; x_wconf 83' lang='grc' dir='ltr'>τὰ</span> <span class='ocrx_word' id='word_1_28' title='bbox 684 373 801 421; x_wconf 85' lang='grc' dir='ltr'>ὑμῶν.</span> <span class='ocrx_word' id='word_1_29' title='bbox 872 372 1091 412; x_wconf 70' lang='lat' dir='ltr'>Sententia</span> <span class='ocrx_word' id='word_1_30' title='bbox 1120 372 1301 425; x_wconf 85' lang='lat' dir='ltr'>quidem,</span> <span class='ocrx_word' id='word_1_31' title='bbox 1337 385 1460 424; x_wconf 88' lang='lat' dir='ltr'>quam</span> <span class='ocrx_word' id='word_1_32' title='bbox 1489 372 1612 411; x_wconf 91' lang='lat' dir='ltr'>modo</span> 
     </span>
     <span class='ocr_line' id='line_1_5' title="bbox 94 426 1610 481; baseline 0.001 -16"><span class='ocrx_word' id='word_1_33' title='bbox 94 426 225 480; x_wconf 81' lang='lat' dir='ltr'>posui,</span> <span class='ocrx_word' id='word_1_34' title='bbox 250 441 331 465; x_wconf 89' lang='lat' dir='ltr'>non</span> <span class='ocrx_word' id='word_1_35' title='bbox 360 427 491 466; x_wconf 89' lang='lat' dir='ltr'>solum</span> <span class='ocrx_word' id='word_1_36' title='bbox 513 428 610 467; x_wconf 86' lang='lat' dir='ltr'>alibi</span> <span class='ocrx_word' id='word_1_37' title='bbox 632 443 657 467; x_wconf 92' lang='lat' dir='ltr'>a</span> <span class='ocrx_word' id='word_1_38' title='bbox 679 434 823 468; x_wconf 87' lang='lat' dir='ltr'>nostro</span> <span class='ocrx_word' id='word_1_39' title='bbox 851 428 1073 481; x_wconf 77' lang='lat' dir='ltr'>diligenter</span> <span class='ocrx_word' id='word_1_40' title='bbox 1101 428 1344 475; x_wconf 72' lang='lat' dir='ltr'>inculcatur,</span> <span class='ocrx_word' id='word_1_41' title='bbox 1369 427 1430 466; x_wconf 90' lang='lat' dir='ltr'>uti</span> <span class='ocrx_word' id='word_1_42' title='bbox 1452 442 1490 480; x_wconf 90' lang='lat' dir='ltr'>p.</span> <span class='ocrx_word' id='word_1_43' title='bbox 1512 438 1610 479; x_wconf 99' lang='grc'>457,</span> 
     </span>
     <span class='ocr_line' id='line_1_6' title="bbox 99 481 1613 536; baseline 0.001 -15"><span class='ocrx_word' id='word_1_44' title='bbox 99 494 162 533; x_wconf 90' lang='lat'>17.</span> <span class='ocrx_word' id='word_1_45' title='bbox 185 487 226 521; x_wconf 91' lang='lat' dir='ltr'>et</span> <span class='ocrx_word' id='word_1_46' title='bbox 254 497 292 535; x_wconf 91' lang='lat' dir='ltr'>p.</span> <span class='ocrx_word' id='word_1_47' title='bbox 316 481 412 534; x_wconf 86' lang='grc'>487,</span> <span class='ocrx_word' id='word_1_48' title='bbox 436 497 489 534; x_wconf 84' lang='grc'>5.,</span> <span class='ocrx_word' id='word_1_49' title='bbox 513 483 584 522; x_wconf 88' lang='lat' dir='ltr'>sed</span> <span class='ocrx_word' id='word_1_50' title='bbox 615 488 657 523; x_wconf 90' lang='lat' dir='ltr'>et</span> <span class='ocrx_word' id='word_1_51' title='bbox 684 484 780 523; x_wconf 86' lang='lat' dir='ltr'>talis</span> <span class='ocrx_word' id='word_1_52' title='bbox 807 489 884 531; x_wconf 85' lang='lat' dir='ltr'>est,</span> <span class='ocrx_word' id='word_1_53' title='bbox 907 498 1031 536; x_wconf 79' lang='lat' dir='ltr'>quam</span> <span class='ocrx_word' id='word_1_54' title='bbox 1059 484 1136 523; x_wconf 81' lang='lat' dir='ltr'>hoe</span> <span class='ocrx_word' id='word_1_55' title='bbox 1165 483 1344 523; x_wconf 82' lang='lat' dir='ltr'>maxime</span> <span class='ocrx_word' id='word_1_56' title='bbox 1365 483 1454 522; x_wconf 88' lang='lat' dir='ltr'>loeo</span> <span class='ocrx_word' id='word_1_57' title='bbox 1482 497 1613 536; x_wconf 84' lang='lat' dir='ltr'>prope</span> 
     </span>
     <span class='ocr_line' id='line_1_7' title="bbox 94 538 1614 592; baseline 0.003 -16"><span class='ocrx_word' id='word_1_58' title='bbox 94 538 370 578; x_wconf 84' lang='lat' dir='ltr'>neeessariam</span> <span class='ocrx_word' id='word_1_59' title='bbox 393 538 560 578; x_wconf 80' lang='lat' dir='ltr'>dixeris.</span> <span class='ocrx_word' id='word_1_60' title='bbox 613 539 758 592; x_wconf 83' lang='lat' dir='ltr'>Neque</span> <span class='ocrx_word' id='word_1_61' title='bbox 779 554 827 579; x_wconf 83' lang='lat' dir='ltr'>ea</span> <span class='ocrx_word' id='word_1_62' title='bbox 849 540 952 579; x_wconf 85' lang='lat' dir='ltr'>satis</span> <span class='ocrx_word' id='word_1_63' title='bbox 974 539 1223 592; x_wconf 76' lang='lat' dir='ltr'>exprimitur</span> <span class='ocrx_word' id='word_1_64' title='bbox 1244 538 1320 577; x_wconf 83' lang='lat' dir='ltr'>illis</span> <span class='ocrx_word' id='word_1_65' title='bbox 1339 553 1347 576; x_wconf 72' lang='grc' dir='ltr'>ε</span> <span class='ocrx_word' id='word_1_66' title='bbox 1382 540 1485 579; x_wconf 81' lang='grc' dir='ltr'>ὅπως</span> <span class='ocrx_word' id='word_1_67' title='bbox 1505 541 1614 588; x_wconf 82' lang='grc' dir='ltr'>ὑμεῖς</span> 
     </span>
     <span class='ocr_line' id='line_1_8' title="bbox 95 594 1613 646; baseline 0 -13"><span class='ocrx_word' id='word_1_68' title='bbox 95 595 215 643; x_wconf 80' lang='grc' dir='ltr'>μηδὲν</span> <span class='ocrx_word' id='word_1_69' title='bbox 244 595 410 646; x_wconf 83' lang='grc' dir='ltr'>αἰσχρὸν</span> <span class='ocrx_word' id='word_1_70' title='bbox 431 598 590 644; x_wconf 82' lang='grc' dir='ltr'>ποιῆσαι</span> <span class='ocrx_word' id='word_1_71' title='bbox 618 597 760 644; x_wconf 78' lang='grc' dir='ltr'>δόξετε.</span> <span class='ocrx_word' id='word_1_72' title='bbox 795 596 843 634; x_wconf 82' lang='lat' dir='ltr'>F.</span> <span class='ocrx_word' id='word_1_73' title='bbox 866 596 920 634; x_wconf 78' lang='lat' dir='ltr'>A.</span> <span class='ocrx_word' id='word_1_74' title='bbox 948 595 1142 634; x_wconf 78' lang='lat' dir='ltr'>woLF.</span> <span class='ocrx_word' id='word_1_75' title='bbox 1205 595 1286 634; x_wconf 73' lang='lat' dir='ltr'>Sed</span> <span class='ocrx_word' id='word_1_76' title='bbox 1315 598 1504 634; x_wconf 87' lang='lat' dir='ltr'>oratores</span> <span class='ocrx_word' id='word_1_77' title='bbox 1527 594 1613 633; x_wconf 89' lang='lat' dir='ltr'>dia—</span> 
     </span>
     <span class='ocr_line' id='line_1_9' title="bbox 96 648 1611 704; baseline 0 -16"><span class='ocrx_word' id='word_1_78' title='bbox 96 648 243 689; x_wconf 83' lang='lat' dir='ltr'>lectiea</span> <span class='ocrx_word' id='word_1_79' title='bbox 285 650 520 690; x_wconf 73' lang='lat' dir='ltr'>subtilitate</span> <span class='ocrx_word' id='word_1_80' title='bbox 561 651 767 704; x_wconf 72' lang='lat' dir='ltr'>adstringi</span> <span class='ocrx_word' id='word_1_81' title='bbox 811 665 891 689; x_wconf 90' lang='lat' dir='ltr'>non</span> <span class='ocrx_word' id='word_1_82' title='bbox 932 650 1176 703; x_wconf 84' lang='lat' dir='ltr'>patiuntur:</span> <span class='ocrx_word' id='word_1_83' title='bbox 1214 649 1478 702; x_wconf 75' lang='lat' dir='ltr'>loquiturque</span> <span class='ocrx_word' id='word_1_84' title='bbox 1518 649 1557 688; x_wconf 89' lang='lat' dir='ltr'>h.</span> <span class='ocrx_word' id='word_1_85' title='bbox 1587 649 1611 688; x_wconf 93' lang='lat' dir='ltr'>l.</span> 
     </span>
     <span class='ocr_line' id='line_1_10' title="bbox 97 705 1615 759; baseline 0 -16"><span class='ocrx_word' id='word_1_86' title='bbox 97 705 403 745; x_wconf 65' lang='lat' dir='ltr'>Demosthenes</span> <span class='ocrx_word' id='word_1_87' title='bbox 432 706 483 745; x_wconf 81' lang='lat' dir='ltr'>de</span> <span class='ocrx_word' id='word_1_88' title='bbox 515 706 777 746; x_wconf 89' lang='lat' dir='ltr'>immunitate</span> <span class='ocrx_word' id='word_1_89' title='bbox 804 707 891 759; x_wconf 89' lang='lat' dir='ltr'>jam</span> <span class='ocrx_word' id='word_1_90' title='bbox 923 720 1130 753; x_wconf 70' lang='lat' dir='ltr'>concessa,</span> <span class='ocrx_word' id='word_1_91' title='bbox 1154 720 1261 758; x_wconf 83' lang='lat' dir='ltr'>quae</span> <span class='ocrx_word' id='word_1_92' title='bbox 1292 705 1474 758; x_wconf 67' lang='lat' dir='ltr'>indignis</span> <span class='ocrx_word' id='word_1_93' title='bbox 1504 705 1615 744; x_wconf 88' lang='lat' dir='ltr'>aufe—</span> 
     </span>
     <span class='ocr_line' id='line_1_11' title="bbox 96 760 1614 814; baseline 0 -15"><span class='ocrx_word' id='word_1_94' title='bbox 96 761 238 809; x_wconf 78' lang='lat' dir='ltr'>renda,</span> <span class='ocrx_word' id='word_1_95' title='bbox 266 761 400 814; x_wconf 68' lang='lat' dir='ltr'>dignis</span> <span class='ocrx_word' id='word_1_96' title='bbox 431 762 715 801; x_wconf 79' lang='lat' dir='ltr'>conservanda</span> <span class='ocrx_word' id='word_1_97' title='bbox 747 762 829 808; x_wconf 77' lang='lat' dir='ltr'>sit3</span> <span class='ocrx_word' id='word_1_98' title='bbox 865 762 975 814; x_wconf 85' lang='lat' dir='ltr'>quod</span> <span class='ocrx_word' id='word_1_99' title='bbox 1007 762 1083 800; x_wconf 87' lang='lat' dir='ltr'>nisi</span> <span class='ocrx_word' id='word_1_100' title='bbox 1115 761 1203 808; x_wconf 79' lang='lat' dir='ltr'>fiat,</span> <span class='ocrx_word' id='word_1_101' title='bbox 1235 762 1324 800; x_wconf 84' lang='lat' dir='ltr'>fore</span> <span class='ocrx_word' id='word_1_102' title='bbox 1355 765 1403 800; x_wconf 87' lang='lat' dir='ltr'>ut</span> <span class='ocrx_word' id='word_1_103' title='bbox 1435 760 1614 800; x_wconf 86' lang='lat' dir='ltr'>Atheni—</span> 
     </span>
     <span class='ocr_line' id='line_1_12' title="bbox 96 814 1268 858; baseline 0.001 -2"><span class='ocrx_word' id='word_1_104' title='bbox 96 831 214 856; x_wconf 86' lang='lat' dir='ltr'>enses</span> <span class='ocrx_word' id='word_1_105' title='bbox 235 814 446 857; x_wconf 77' lang='lat' dir='ltr'>infamiam</span> <span class='ocrx_word' id='word_1_106' title='bbox 472 817 731 857; x_wconf 78' lang='lat' dir='ltr'>contraxisse</span> <span class='ocrx_word' id='word_1_107' title='bbox 752 817 984 857; x_wconf 68' lang='lat' dir='ltr'>videantur.</span> <span class='ocrx_word' id='word_1_108' title='bbox 1019 817 1268 858; x_wconf 79' lang='lat' dir='ltr'>SCHAEF.</span> 
     </span>
    </p>

    <p class='ocr_par' dir='ltr' id='par_1_3' title="bbox 97 873 1615 979">
     <span class='ocr_line' id='line_1_13' title="bbox 153 873 1615 926; baseline 0 -14"><span class='ocrx_word' id='word_1_109' title='bbox 153 874 249 924; x_wconf 88' lang='grc'>484,</span> <span class='ocrx_word' id='word_1_110' title='bbox 274 874 310 912; x_wconf 87' lang='grc'>8.</span> <span class='ocrx_word' id='word_1_111' title='bbox 342 875 403 912; x_wconf 87' lang='grc' dir='ltr'>καὶ</span> <span class='ocrx_word' id='word_1_112' title='bbox 430 874 592 925; x_wconf 83' lang='grc' dir='ltr'>τούτων]</span> <span class='ocrx_word' id='word_1_113' title='bbox 632 874 762 926; x_wconf 85' lang='lat' dir='ltr'>Apud</span> <span class='ocrx_word' id='word_1_114' title='bbox 794 873 971 913; x_wconf 77' lang='lat' dir='ltr'>Aristid.</span> <span class='ocrx_word' id='word_1_115' title='bbox 996 873 1072 912; x_wconf 88' lang='lat' dir='ltr'>vol.</span> <span class='ocrx_word' id='word_1_116' title='bbox 1104 886 1139 913; x_wconf 81' lang='lat'>2.</span> <span class='ocrx_word' id='word_1_117' title='bbox 1172 888 1211 926; x_wconf 90' lang='lat' dir='ltr'>p.</span> <span class='ocrx_word' id='word_1_118' title='bbox 1244 875 1340 923; x_wconf 83' lang='grc'>446.</span> <span class='ocrx_word' id='word_1_119' title='bbox 1377 873 1439 912; x_wconf 89' lang='grc' dir='ltr'>καὶ</span> <span class='ocrx_word' id='word_1_120' title='bbox 1469 874 1615 913; x_wconf 89' lang='grc' dir='ltr'>τούτων</span> 
     </span>
     <span class='ocr_line' id='line_1_14' title="bbox 97 929 998 979; baseline 0 -11"><span class='ocrx_word' id='word_1_121' title='bbox 97 929 209 969; x_wconf 80' lang='grc' dir='ltr'>οὐδὲν</span> <span class='ocrx_word' id='word_1_122' title='bbox 231 929 365 968; x_wconf 85' lang='grc' dir='ltr'>καινὸν</span> <span class='ocrx_word' id='word_1_123' title='bbox 386 930 472 968; x_wconf 83' lang='grc' dir='ltr'>οὐδὲ</span> <span class='ocrx_word' id='word_1_124' title='bbox 497 931 638 979; x_wconf 81' lang='grc' dir='ltr'>εὕρημα</span> <span class='ocrx_word' id='word_1_125' title='bbox 661 929 765 978; x_wconf 82' lang='grc' dir='ltr'>ἐμὸν,</span> <span class='ocrx_word' id='word_1_126' title='bbox 791 931 898 968; x_wconf 81' lang='grc' dir='ltr'>ἀλλὰ</span> <span class='ocrx_word' id='word_1_127' title='bbox 920 934 998 969; x_wconf 79' lang='lat' dir='ltr'>ete.</span> 
     </span>
    </p>

    <p class='ocr_par' dir='ltr' id='par_1_4' title="bbox 96 983 1613 1082">
     <span class='ocr_line' id='line_1_15' title="bbox 151 983 1613 1039; baseline 0.001 -17"><span class='ocrx_word' id='word_1_128' title='bbox 151 988 248 1034; x_wconf 76' lang='grc'>484,</span> <span class='ocrx_word' id='word_1_129' title='bbox 277 997 339 1023; x_wconf 89' lang='lat'>10.</span> <span class='ocrx_word' id='word_1_130' title='bbox 370 984 460 1024; x_wconf 83' lang='grc' dir='ltr'>ἀλλ’</span> <span class='ocrx_word' id='word_1_131' title='bbox 484 987 503 1023; x_wconf 92' lang='grc' dir='ltr'><strong><em>ὁ</em></strong></span> <span class='ocrx_word' id='word_1_132' title='bbox 529 985 696 1026; x_wconf 84' lang='grc' dir='ltr'>παλαιὸς</span> <span class='ocrx_word' id='word_1_133' title='bbox 725 984 770 1024; x_wconf 81' lang='grc' dir='ltr'>ὃν</span> <span class='ocrx_word' id='word_1_134' title='bbox 798 985 924 1039; x_wconf 74' lang='grc' dir='ltr'>οὗτος]</span> <span class='ocrx_word' id='word_1_135' title='bbox 954 985 1166 1025; x_wconf 79' lang='lat' dir='ltr'>Aristides</span> <span class='ocrx_word' id='word_1_136' title='bbox 1193 999 1233 1038; x_wconf 87' lang='lat' dir='ltr'>p.</span> <span class='ocrx_word' id='word_1_137' title='bbox 1258 998 1346 1037; x_wconf 85' lang='lat'>¹90·</span> <span class='ocrx_word' id='word_1_138' title='bbox 1369 983 1517 1024; x_wconf 86' lang='lat' dir='ltr'>vitiose</span> <span class='ocrx_word' id='word_1_139' title='bbox 1539 984 1613 1024; x_wconf 86' lang='lat' dir='ltr'>dat</span> 
     </span>
     <span class='ocr_line' id='line_1_16' title="bbox 96 1040 858 1082; baseline 0 -2"><span class='ocrx_word' id='word_1_140' title='bbox 96 1042 203 1080; x_wconf 76' lang='grc' dir='ltr'>ἀλλὰ</span> <span class='ocrx_word' id='word_1_141' title='bbox 223 1041 413 1082; x_wconf 87' lang='grc' dir='ltr'>παλαιοὺς</span> <span class='ocrx_word' id='word_1_142' title='bbox 434 1043 486 1080; x_wconf 81' lang='grc' dir='ltr'>ὧν</span> <span class='ocrx_word' id='word_1_143' title='bbox 508 1041 632 1082; x_wconf 74' lang='grc' dir='ltr'>οὗτος.</span> <span class='ocrx_word' id='word_1_144' title='bbox 665 1040 858 1081; x_wconf 82' lang='lat' dir='ltr'>REISK.</span> 
     </span>
    </p>

    <p class='ocr_par' dir='ltr' id='par_1_5' title="bbox 96 1096 1615 1710">
     <span class='ocr_line' id='line_1_17' title="bbox 154 1096 1609 1151; baseline 0.002 -18"><span class='ocrx_word' id='word_1_145' title='bbox 154 1098 250 1147; x_wconf 77' lang='grc'>484,</span> <span class='ocrx_word' id='word_1_146' title='bbox 283 1108 341 1148; x_wconf 88' lang='grc' dir='ltr'>ι7.</span> <span class='ocrx_word' id='word_1_147' title='bbox 374 1097 461 1138; x_wconf 85' lang='grc' dir='ltr'>τοὺς</span> <span class='ocrx_word' id='word_1_148' title='bbox 491 1097 563 1146; x_wconf 79' lang='grc' dir='ltr'>μὲν</span> <span class='ocrx_word' id='word_1_149' title='bbox 594 1096 830 1147; x_wconf 86' lang='grc' dir='ltr'>θεσμοθέτας</span> <span class='ocrx_word' id='word_1_150' title='bbox 852 1097 1010 1151; x_wconf 87' lang='grc' dir='ltr'>κ.τ.λ.]</span> <span class='ocrx_word' id='word_1_151' title='bbox 1046 1097 1199 1137; x_wconf 89' lang='lat' dir='ltr'>Totum</span> <span class='ocrx_word' id='word_1_152' title='bbox 1232 1097 1367 1137; x_wconf 82' lang='lat' dir='ltr'>locum</span> <span class='ocrx_word' id='word_1_153' title='bbox 1400 1097 1459 1136; x_wconf 83' lang='lat' dir='ltr'>sie</span> <span class='ocrx_word' id='word_1_154' title='bbox 1484 1111 1609 1149; x_wconf 82' lang='lat' dir='ltr'>cape:</span> 
     </span>
     <span class='ocr_line' id='line_1_18' title="bbox 99 1152 1614 1207; baseline 0.001 -16"><span class='ocrx_word' id='word_1_155' title='bbox 99 1152 217 1192; x_wconf 74' lang='lat' dir='ltr'><em>Solon</em></span> <span class='ocrx_word' id='word_1_156' title='bbox 238 1166 358 1205; x_wconf 73' lang='lat' dir='ltr'>quum</span> <span class='ocrx_word' id='word_1_157' title='bbox 380 1152 654 1200; x_wconf 71' lang='lat' dir='ltr'>thesmotlzetas,</span> <span class='ocrx_word' id='word_1_158' title='bbox 677 1153 748 1206; x_wconf 71' lang='lat' dir='ltr'>qui</span> <span class='ocrx_word' id='word_1_159' title='bbox 767 1153 894 1207; x_wconf 64' lang='lat' dir='ltr'>lesyum</span> <span class='ocrx_word' id='word_1_160' title='bbox 919 1168 1055 1193; x_wconf 72' lang='lat' dir='ltr'>caussa</span> <span class='ocrx_word' id='word_1_161' title='bbox 1079 1160 1279 1201; x_wconf 68' lang='lat' dir='ltr'>cremetur,</span> <span class='ocrx_word' id='word_1_162' title='bbox 1297 1159 1385 1206; x_wconf 70' lang='lat' dir='ltr'>post</span> <span class='ocrx_word' id='word_1_163' title='bbox 1413 1153 1614 1207; x_wconf 71' lang='lat' dir='ltr'>duplicem</span> 
     </span>
     <span class='ocr_line' id='line_1_19' title="bbox 97 1209 1615 1263; baseline 0 -16"><span class='ocrx_word' id='word_1_164' title='bbox 97 1209 251 1248; x_wconf 70' lang='lat' dir='ltr'>demum</span> <span class='ocrx_word' id='word_1_165' title='bbox 273 1209 502 1258; x_wconf 78' lang='grc' dir='ltr'>δοκιμασίαν</span> <span class='ocrx_word' id='word_1_166' title='bbox 524 1209 690 1248; x_wconf 51' lang='lat' dir='ltr'>imbuerit</span> <span class='ocrx_word' id='word_1_167' title='bbox 717 1209 823 1249; x_wconf 58' lang='lat' dir='ltr'>inire</span> <span class='ocrx_word' id='word_1_168' title='bbox 844 1210 1124 1263; x_wconf 58' lang='lat' dir='ltr'>wagris-tratum</span> <span class='ocrx_word' id='word_1_169' title='bbox 1148 1210 1326 1262; x_wconf 81' lang='grc' dir='ltr'>(ἀρχήν),</span> <span class='ocrx_word' id='word_1_170' title='bbox 1350 1209 1468 1249; x_wconf 67' lang='lat' dir='ltr'>Solon</span> <span class='ocrx_word' id='word_1_171' title='bbox 1488 1209 1615 1262; x_wconf 63' lang='lat' dir='ltr'>igyitzw&#39;</span> 
     </span>
     <span class='ocr_line' id='line_1_20' title="bbox 97 1264 1613 1319; baseline 0.001 -16"><span class='ocrx_word' id='word_1_172' title='bbox 97 1264 218 1303; x_wconf 71' lang='lat' dir='ltr'>multo</span> <span class='ocrx_word' id='word_1_173' title='bbox 240 1265 368 1304; x_wconf 63' lang='lat' dir='ltr'>mimzs</span> <span class='ocrx_word' id='word_1_174' title='bbox 390 1264 497 1318; x_wconf 69' lang='lat' dir='ltr'>ipsas</span> <span class='ocrx_word' id='word_1_175' title='bbox 524 1264 631 1318; x_wconf 69' lang='lat' dir='ltr'>leyes,</span> <span class='ocrx_word' id='word_1_176' title='bbox 655 1265 712 1304; x_wconf 79' lang='lat' dir='ltr'>acl</span> <span class='ocrx_word' id='word_1_177' title='bbox 736 1279 907 1318; x_wconf 72' lang='lat' dir='ltr'>quarum</span> <span class='ocrx_word' id='word_1_178' title='bbox 930 1267 1229 1319; x_wconf 69' lang='lat' dir='ltr'>praescriptum</span> <span class='ocrx_word' id='word_1_179' title='bbox 1257 1273 1293 1305; x_wconf 76' lang='lat' dir='ltr'>et</span> <span class='ocrx_word' id='word_1_180' title='bbox 1318 1265 1406 1305; x_wconf 28' lang='lat' dir='ltr'>&#39;illos</span> <span class='ocrx_word' id='word_1_181' title='bbox 1432 1279 1500 1304; x_wconf 75' lang='lat' dir='ltr'>suo</span> <span class='ocrx_word' id='word_1_182' title='bbox 1530 1279 1613 1305; x_wconf 72' lang='lat' dir='ltr'>mu-</span> 
     </span>
     <span class='ocr_line' id='line_1_21' title="bbox 97 1320 1612 1374; baseline 0.001 -15"><span class='ocrx_word' id='word_1_183' title='bbox 97 1320 337 1374; x_wconf 65' lang='lat' dir='ltr'>ozerefemszi,</span> <span class='ocrx_word' id='word_1_184' title='bbox 361 1327 396 1360; x_wconf 73' lang='lat' dir='ltr'>et</span> <span class='ocrx_word' id='word_1_185' title='bbox 424 1321 592 1374; x_wconf 68' lang='lat' dir='ltr'>reliquos</span> <span class='ocrx_word' id='word_1_186' title='bbox 612 1335 739 1360; x_wconf 75' lang='lat' dir='ltr'>omnes</span> <span class='ocrx_word' id='word_1_187' title='bbox 764 1321 952 1374; x_wconf 67' lang='lat' dir='ltr'>rempubl.</span> <span class='ocrx_word' id='word_1_188' title='bbox 979 1323 1267 1361; x_wconf 57' lang='lat' dir='ltr'>aclmzssm&#39;strm&#39;e</span> <span class='ocrx_word' id='word_1_189' title='bbox 1290 1327 1451 1374; x_wconf 70' lang='lat' dir='ltr'>oportet,</span> <span class='ocrx_word' id='word_1_190' title='bbox 1475 1327 1612 1361; x_wconf 71' lang='lat' dir='ltr'>temere</span> 
     </span>
     <span class='ocr_line' id='line_1_22' title="bbox 96 1376 1612 1431; baseline 0.001 -16"><span class='ocrx_word' id='word_1_191' title='bbox 96 1390 146 1416; x_wconf 81' lang='lat' dir='ltr'>ac</span> <span class='ocrx_word' id='word_1_192' title='bbox 166 1376 344 1430; x_wconf 63' lang='lat' dir='ltr'>Jbrtezilo</span> <span class='ocrx_word' id='word_1_193' title='bbox 380 1376 496 1423; x_wconf 68' lang='lat' dir='ltr'>latas,</span> <span class='ocrx_word' id='word_1_194' title='bbox 530 1377 615 1416; x_wconf 72' lang='lat' dir='ltr'>sine</span> <span class='ocrx_word' id='word_1_195' title='bbox 649 1376 736 1416; x_wconf 67' lang='lat' dir='ltr'>ulla</span> <span class='ocrx_word' id='word_1_196' title='bbox 772 1379 975 1431; x_wconf 78' lang='grc' dir='ltr'>δοκιμασίᾳ</span> <span class='ocrx_word' id='word_1_197' title='bbox 1009 1378 1258 1431; x_wconf 65' lang='lat' dir='ltr'>recipiendas</span> <span class='ocrx_word' id='word_1_198' title='bbox 1292 1391 1438 1416; x_wconf 71' lang='lat' dir='ltr'>censere</span> <span class='ocrx_word' id='word_1_199' title='bbox 1469 1377 1612 1431; x_wconf 67' lang='lat' dir='ltr'>potuit.</span> 
     </span>
     <span class='ocr_line' id='line_1_23' title="bbox 101 1432 1613 1486; baseline 0.001 -15"><span class='ocrx_word' id='word_1_200' title='bbox 101 1432 317 1486; x_wconf 69' lang='lat' dir='ltr'>Lyeurgus</span> <span class='ocrx_word' id='word_1_201' title='bbox 348 1447 414 1485; x_wconf 85' lang='lat' dir='ltr'>ap.</span> <span class='ocrx_word' id='word_1_202' title='bbox 446 1433 704 1486; x_wconf 77' lang='lat' dir='ltr'>Harpocrat.</span> <span class='ocrx_word' id='word_1_203' title='bbox 736 1448 771 1472; x_wconf 84' lang='lat' dir='ltr'>v.</span> <span class='ocrx_word' id='word_1_204' title='bbox 801 1436 1074 1484; x_wconf 75' lang='grc' dir='ltr'>δοκιμασθείςε</span> <span class='ocrx_word' id='word_1_205' title='bbox 1118 1438 1234 1484; x_wconf 82' lang='grc' dir='ltr'>Τρεῖς</span> <span class='ocrx_word' id='word_1_206' title='bbox 1265 1434 1486 1482; x_wconf 88' lang='grc' dir='ltr'>δοκιμασίαι</span> <span class='ocrx_word' id='word_1_207' title='bbox 1517 1435 1613 1472; x_wconf 80' lang='grc' dir='ltr'>κατὰ</span> 
     </span>
     <span class='ocr_line' id='line_1_24' title="bbox 98 1488 1611 1542; baseline 0.001 -15"><span class='ocrx_word' id='word_1_208' title='bbox 98 1489 168 1528; x_wconf 86' lang='grc' dir='ltr'>τὸν</span> <span class='ocrx_word' id='word_1_209' title='bbox 202 1491 321 1538; x_wconf 88' lang='grc' dir='ltr'>νόμον</span> <span class='ocrx_word' id='word_1_210' title='bbox 357 1491 543 1540; x_wconf 82' lang='grc' dir='ltr'>γίνονται·</span> <span class='ocrx_word' id='word_1_211' title='bbox 587 1491 655 1539; x_wconf 88' lang='grc' dir='ltr'>μία</span> <span class='ocrx_word' id='word_1_212' title='bbox 687 1490 772 1539; x_wconf 82' lang='grc' dir='ltr'>μὲν,</span> <span class='ocrx_word' id='word_1_213' title='bbox 810 1489 857 1538; x_wconf 83' lang='grc' dir='ltr'>ἣν</span> <span class='ocrx_word' id='word_1_214' title='bbox 890 1491 926 1529; x_wconf 79' lang='grc' dir='ltr'>οἱ</span> <span class='ocrx_word' id='word_1_215' title='bbox 960 1489 1076 1529; x_wconf 84' lang='grc' dir='ltr'>ε’ννέα</span> <span class='ocrx_word' id='word_1_216' title='bbox 1112 1492 1301 1542; x_wconf 79' lang='grc' dir='ltr'>ἄγχοντες</span> <span class='ocrx_word' id='word_1_217' title='bbox 1334 1488 1611 1539; x_wconf 80' lang='grc' dir='ltr'>δοκιμάζονται·</span> 
     </span>
     <span class='ocr_line' id='line_1_25' title="bbox 99 1544 1613 1597; baseline 0 -14"><span class='ocrx_word' id='word_1_218' title='bbox 99 1544 211 1595; x_wconf 81' lang='grc' dir='ltr'>ἑτέρα</span> <span class='ocrx_word' id='word_1_219' title='bbox 239 1546 293 1590; x_wconf 79' lang='grc' dir='ltr'>δὲ,</span> <span class='ocrx_word' id='word_1_220' title='bbox 316 1544 364 1594; x_wconf 84' lang='grc' dir='ltr'>ἣν</span> <span class='ocrx_word' id='word_1_221' title='bbox 389 1546 426 1584; x_wconf 81' lang='grc' dir='ltr'>οἱ</span> <span class='ocrx_word' id='word_1_222' title='bbox 453 1544 623 1596; x_wconf 82' lang='grc' dir='ltr'>ῥήτορες·</span> <span class='ocrx_word' id='word_1_223' title='bbox 670 1546 774 1596; x_wconf 83' lang='grc' dir='ltr'>τρίτη</span> <span class='ocrx_word' id='word_1_224' title='bbox 801 1547 856 1591; x_wconf 83' lang='grc' dir='ltr'>δὲ,</span> <span class='ocrx_word' id='word_1_225' title='bbox 886 1545 933 1594; x_wconf 87' lang='grc' dir='ltr'>ἣν</span> <span class='ocrx_word' id='word_1_226' title='bbox 960 1547 996 1585; x_wconf 80' lang='grc' dir='ltr'>οἱ</span> <span class='ocrx_word' id='word_1_227' title='bbox 1024 1547 1246 1597; x_wconf 83' lang='grc' dir='ltr'>στρατηγοί.</span> <span class='ocrx_word' id='word_1_228' title='bbox 1307 1545 1387 1585; x_wconf 83' lang='lat' dir='ltr'>Sed</span> <span class='ocrx_word' id='word_1_229' title='bbox 1418 1545 1469 1584; x_wconf 85' lang='lat' dir='ltr'>de</span> <span class='ocrx_word' id='word_1_230' title='bbox 1499 1544 1613 1584; x_wconf 80' lang='lat' dir='ltr'>hisee</span> 
     </span>
     <span class='ocr_line' id='line_1_26' title="bbox 99 1600 1610 1654; baseline 0.001 -15"><span class='ocrx_word' id='word_1_231' title='bbox 99 1602 342 1651; x_wconf 82' lang='grc' dir='ltr'>δοκιμασίαις</span> <span class='ocrx_word' id='word_1_232' title='bbox 363 1615 384 1640; x_wconf 95' lang='lat' dir='ltr'>e</span> <span class='ocrx_word' id='word_1_233' title='bbox 408 1600 525 1639; x_wconf 83' lang='lat' dir='ltr'>libris</span> <span class='ocrx_word' id='word_1_234' title='bbox 548 1600 866 1654; x_wconf 83' lang='lat' dir='ltr'>Antiquitatum</span> <span class='ocrx_word' id='word_1_235' title='bbox 896 1606 998 1642; x_wconf 82' lang='lat' dir='ltr'>nota</span> <span class='ocrx_word' id='word_1_236' title='bbox 1028 1601 1180 1642; x_wconf 86' lang='lat' dir='ltr'>omnia.</span> <span class='ocrx_word' id='word_1_237' title='bbox 1231 1601 1347 1642; x_wconf 84' lang='lat' dir='ltr'>Conf.</span> <span class='ocrx_word' id='word_1_238' title='bbox 1372 1600 1501 1641; x_wconf 89' lang='lat' dir='ltr'>Petit.</span> <span class='ocrx_word' id='word_1_239' title='bbox 1526 1601 1610 1641; x_wconf 92' lang='lat' dir='ltr'>LL.</span> 
     </span>
     <span class='ocr_line' id='line_1_27' title="bbox 99 1656 898 1710; baseline 0.003 -15"><span class='ocrx_word' id='word_1_240' title='bbox 99 1656 197 1695; x_wconf 88' lang='lat' dir='ltr'>AA.</span> <span class='ocrx_word' id='word_1_241' title='bbox 223 1671 262 1709; x_wconf 89' lang='lat' dir='ltr'>p.</span> <span class='ocrx_word' id='word_1_242' title='bbox 286 1669 382 1710; x_wconf 79' lang='lat'>320.</span> <span class='ocrx_word' id='word_1_243' title='bbox 399 1671 513 1710; x_wconf 80' lang='lat' dir='ltr'>seqq.</span> <span class='ocrx_word' id='word_1_244' title='bbox 558 1657 605 1696; x_wconf 85' lang='lat' dir='ltr'>F.</span> <span class='ocrx_word' id='word_1_245' title='bbox 629 1657 682 1696; x_wconf 91' lang='lat' dir='ltr'>A.</span> <span class='ocrx_word' id='word_1_246' title='bbox 708 1657 898 1697; x_wconf 84' lang='lat' dir='ltr'>WOLF.</span> 
     </span>
    </p>

    <p class='ocr_par' dir='ltr' id='par_1_6' title="bbox 97 1712 1613 1932">
     <span class='ocr_line' id='line_1_28' title="bbox 153 1712 1612 1767; baseline 0.001 -16"><span class='ocrx_word' id='word_1_247' title='bbox 153 1713 250 1763; x_wconf 87' lang='grc'>484,</span> <span class='ocrx_word' id='word_1_248' title='bbox 277 1725 340 1752; x_wconf 85' lang='lat'>20.</span> <span class='ocrx_word' id='word_1_249' title='bbox 375 1714 436 1752; x_wconf 82' lang='grc' dir='ltr'>ἐπὶ</span> <span class='ocrx_word' id='word_1_250' title='bbox 460 1712 609 1766; x_wconf 84' lang='grc' dir='ltr'>καιροῦ]</span> <span class='ocrx_word' id='word_1_251' title='bbox 636 1715 697 1752; x_wconf 77' lang='grc' dir='ltr'>ἐπὶ</span> <span class='ocrx_word' id='word_1_252' title='bbox 720 1717 862 1765; x_wconf 84' lang='grc' dir='ltr'>καιροῦ,</span> <span class='ocrx_word' id='word_1_253' title='bbox 884 1714 995 1766; x_wconf 87' lang='lat' dir='ltr'>quod</span> <span class='ocrx_word' id='word_1_254' title='bbox 1016 1714 1184 1767; x_wconf 86' lang='lat' dir='ltr'>proprie</span> <span class='ocrx_word' id='word_1_255' title='bbox 1207 1718 1271 1754; x_wconf 88' lang='lat' dir='ltr'>est</span> <span class='ocrx_word' id='word_1_256' title='bbox 1292 1713 1451 1767; x_wconf 69' lang='lat' dir='ltr'>quando</span> <span class='ocrx_word' id='word_1_257' title='bbox 1473 1713 1612 1766; x_wconf 73' lang='lat' dir='ltr'>cuique</span> 
     </span>
     <span class='ocr_line' id='line_1_29' title="bbox 97 1768 1612 1822; baseline 0.001 -15"><span class='ocrx_word' id='word_1_258' title='bbox 97 1768 337 1808; x_wconf 73' lang='lat' dir='ltr'>commodum</span> <span class='ocrx_word' id='word_1_259' title='bbox 353 1769 523 1816; x_wconf 71' lang='lat' dir='ltr'>videtur,</span> <span class='ocrx_word' id='word_1_260' title='bbox 541 1769 739 1809; x_wconf 88' lang='lat' dir='ltr'>definitur</span> <span class='ocrx_word' id='word_1_261' title='bbox 760 1784 833 1822; x_wconf 87' lang='lat' dir='ltr'>per</span> <span class='ocrx_word' id='word_1_262' title='bbox 854 1770 1035 1822; x_wconf 71' lang='lat' dir='ltr'>adjecta.</span> <span class='ocrx_word' id='word_1_263' title='bbox 1059 1771 1160 1811; x_wconf 83' lang='grc' dir='ltr'>ὅπως</span> <span class='ocrx_word' id='word_1_264' title='bbox 1182 1770 1333 1822; x_wconf 75' lang='grc' dir='ltr'>ἔτυχον.</span> <span class='ocrx_word' id='word_1_265' title='bbox 1373 1769 1612 1822; x_wconf 88' lang='lat' dir='ltr'>Utrumque</span> 
     </span>
     <span class='ocr_line' id='line_1_30' title="bbox 97 1824 1613 1877; baseline 0.001 -15"><span class='ocrx_word' id='word_1_266' title='bbox 97 1828 244 1877; x_wconf 83' lang='lat' dir='ltr'>postea</span> <span class='ocrx_word' id='word_1_267' title='bbox 265 1824 400 1864; x_wconf 82' lang='lat' dir='ltr'>verbis</span> <span class='ocrx_word' id='word_1_268' title='bbox 430 1825 700 1865; x_wconf 77' lang='lat' dir='ltr'>commutatis</span> <span class='ocrx_word' id='word_1_269' title='bbox 726 1825 784 1863; x_wconf 82' lang='lat' dir='ltr'>sio</span> <span class='ocrx_word' id='word_1_270' title='bbox 813 1825 1011 1865; x_wconf 81' lang='lat' dir='ltr'>effertur:</span> <span class='ocrx_word' id='word_1_271' title='bbox 1045 1827 1141 1865; x_wconf 82' lang='grc' dir='ltr'>ὅταν</span> <span class='ocrx_word' id='word_1_272' title='bbox 1166 1842 1222 1868; x_wconf 89' lang='grc' dir='ltr'>τις</span> <span class='ocrx_word' id='word_1_273' title='bbox 1246 1827 1450 1875; x_wconf 79' lang='grc' dir='ltr'>βούληται,</span> <span class='ocrx_word' id='word_1_274' title='bbox 1475 1826 1537 1865; x_wconf 79' lang='grc' dir='ltr'>καὶ</span> <span class='ocrx_word' id='word_1_275' title='bbox 1567 1825 1613 1865; x_wconf 79' lang='grc' dir='ltr'>ὃν</span> 
     </span>
     <span class='ocr_line' id='line_1_31' title="bbox 98 1880 835 1932; baseline 0.001 -12"><span class='ocrx_word' id='word_1_276' title='bbox 98 1880 146 1920; x_wconf 82' lang='grc' dir='ltr'>ἂν</span> <span class='ocrx_word' id='word_1_277' title='bbox 168 1882 262 1932; x_wconf 83' lang='grc' dir='ltr'>τύχῃ</span> <span class='ocrx_word' id='word_1_278' title='bbox 284 1882 440 1930; x_wconf 83' lang='grc' dir='ltr'>τρόπον.</span> <span class='ocrx_word' id='word_1_279' title='bbox 494 1881 542 1920; x_wconf 85' lang='lat' dir='ltr'>F.</span> <span class='ocrx_word' id='word_1_280' title='bbox 566 1881 618 1920; x_wconf 87' lang='lat' dir='ltr'>A.</span> <span class='ocrx_word' id='word_1_281' title='bbox 644 1881 835 1921; x_wconf 84' lang='lat' dir='ltr'>WOLF.</span> 
     </span>
    </p>

    <p class='ocr_par' dir='ltr' id='par_1_7' title="bbox 99 1937 1612 2493">
     <span class='ocr_line' id='line_1_32' title="bbox 157 1937 1610 1991; baseline 0.001 -16"><span class='ocrx_word' id='word_1_282' title='bbox 157 1940 253 1986; x_wconf 74' lang='grc'>484,</span> <span class='ocrx_word' id='word_1_283' title='bbox 272 1937 336 1976; x_wconf 82' lang='lat'>28.</span> <span class='ocrx_word' id='word_1_284' title='bbox 359 1937 611 1988; x_wconf 83' lang='grc' dir='ltr'>χειροτονεῖθ’</span> <span class='ocrx_word' id='word_1_285' title='bbox 633 1939 741 1987; x_wconf 82' lang='grc' dir='ltr'>ὑμεῖς</span> <span class='ocrx_word' id='word_1_286' title='bbox 762 1938 848 1979; x_wconf 82' lang='grc' dir='ltr'>τοὺς</span> <span class='ocrx_word' id='word_1_287' title='bbox 870 1938 1135 1991; x_wconf 77' lang='grc' dir='ltr'>διαλέξοντας]</span> <span class='ocrx_word' id='word_1_288' title='bbox 1155 1938 1479 1977; x_wconf 83' lang='lat' dir='ltr'>Thesmothetas</span> <span class='ocrx_word' id='word_1_289' title='bbox 1495 1937 1610 1985; x_wconf 77' lang='lat' dir='ltr'>dicit,</span> 
     </span>
     <span class='ocr_line' id='line_1_33' title="bbox 99 1992 1612 2047; baseline 0.002 -16"><span class='ocrx_word' id='word_1_290' title='bbox 99 1992 151 2031; x_wconf 85' lang='lat' dir='ltr'>de</span> <span class='ocrx_word' id='word_1_291' title='bbox 173 1993 321 2045; x_wconf 84' lang='lat' dir='ltr'>quibus</span> <span class='ocrx_word' id='word_1_292' title='bbox 343 1992 575 2032; x_wconf 76' lang='lat' dir='ltr'>Aeschines</span> <span class='ocrx_word' id='word_1_293' title='bbox 596 2008 636 2046; x_wconf 92' lang='lat' dir='ltr'>p.</span> <span class='ocrx_word' id='word_1_294' title='bbox 653 2007 721 2046; x_wconf 85' lang='grc'>59,</span> <span class='ocrx_word' id='word_1_295' title='bbox 743 2007 780 2044; x_wconf 88' lang='lat'>7.</span> <span class='ocrx_word' id='word_1_296' title='bbox 805 2008 830 2033; x_wconf 87' lang='lat' dir='ltr'>a</span> <span class='ocrx_word' id='word_1_297' title='bbox 855 1994 1048 2033; x_wconf 84' lang='lat' dir='ltr'>Dobraeo</span> <span class='ocrx_word' id='word_1_298' title='bbox 1070 1999 1360 2047; x_wconf 78' lang='lat' dir='ltr'>comparatus:</span> <span class='ocrx_word' id='word_1_299' title='bbox 1394 1993 1479 2044; x_wconf 87' lang='grc' dir='ltr'>μήθ’</span> <span class='ocrx_word' id='word_1_300' title='bbox 1505 1995 1612 2044; x_wconf 84' lang='grc' dir='ltr'>ὑμεῖς</span> 
     </span>
     <span class='ocr_line' id='line_1_34' title="bbox 99 2049 1611 2101; baseline 0.001 -14"><span class='ocrx_word' id='word_1_301' title='bbox 99 2065 193 2087; x_wconf 88' lang='grc' dir='ltr'>ποτε</span> <span class='ocrx_word' id='word_1_302' title='bbox 216 2051 269 2090; x_wconf 83' lang='grc' dir='ltr'>εἰς</span> <span class='ocrx_word' id='word_1_303' title='bbox 299 2050 490 2096; x_wconf 84' lang='grc' dir='ltr'>τοσαύτην</span> <span class='ocrx_word' id='word_1_304' title='bbox 512 2050 672 2098; x_wconf 76' lang='grc' dir='ltr'>ἀταξίαν</span> <span class='ocrx_word' id='word_1_305' title='bbox 695 2053 770 2088; x_wconf 82' lang='grc' dir='ltr'>τῶν</span> <span class='ocrx_word' id='word_1_306' title='bbox 793 2051 921 2099; x_wconf 87' lang='grc' dir='ltr'>νόμων</span> <span class='ocrx_word' id='word_1_307' title='bbox 942 2052 1167 2100; x_wconf 81' lang='grc' dir='ltr'>προβαίητε,</span> <span class='ocrx_word' id='word_1_308' title='bbox 1192 2052 1280 2090; x_wconf 80' lang='grc' dir='ltr'>οὔτε</span> <span class='ocrx_word' id='word_1_309' title='bbox 1307 2049 1495 2100; x_wconf 81' lang='grc' dir='ltr'>ἠμέληται</span> <span class='ocrx_word' id='word_1_310' title='bbox 1524 2051 1611 2101; x_wconf 85' lang='grc' dir='ltr'>περὶ</span> 
     </span>
     <span class='ocr_line' id='line_1_35' title="bbox 99 2106 1611 2160; baseline 0.002 -17"><span class='ocrx_word' id='word_1_311' title='bbox 99 2108 175 2143; x_wconf 85' lang='grc' dir='ltr'>τῶν</span> <span class='ocrx_word' id='word_1_312' title='bbox 203 2106 386 2144; x_wconf 84' lang='grc' dir='ltr'>τοιούτων</span> <span class='ocrx_word' id='word_1_313' title='bbox 416 2106 466 2158; x_wconf 74' lang='grc' dir='ltr'>τῷ</span> <span class='ocrx_word' id='word_1_314' title='bbox 501 2106 689 2160; x_wconf 85' lang='grc' dir='ltr'>νομοθέτῃ</span> <span class='ocrx_word' id='word_1_315' title='bbox 720 2106 771 2158; x_wconf 74' lang='grc' dir='ltr'>τῷ</span> <span class='ocrx_word' id='word_1_316' title='bbox 803 2106 872 2155; x_wconf 78' lang='grc' dir='ltr'>τὴν</span> <span class='ocrx_word' id='word_1_317' title='bbox 900 2108 1157 2156; x_wconf 87' lang='grc' dir='ltr'>δημοκρατίαν</span> <span class='ocrx_word' id='word_1_318' title='bbox 1183 2106 1481 2155; x_wconf 83' lang='grc' dir='ltr'>καταστήσαντι,</span> <span class='ocrx_word' id='word_1_319' title='bbox 1505 2107 1611 2146; x_wconf 79' lang='grc' dir='ltr'>ἀλλὰ</span> 
     </span>
     <span class='ocr_line' id='line_1_36' title="bbox 100 2160 1611 2212; baseline 0.001 -13"><span class='ocrx_word' id='word_1_320' title='bbox 100 2160 308 2211; x_wconf 83' lang='grc' dir='ltr'>διαρρήδην</span> <span class='ocrx_word' id='word_1_321' title='bbox 329 2161 609 2211; x_wconf 82' lang='grc' dir='ltr'>προστέτακται</span> <span class='ocrx_word' id='word_1_322' title='bbox 635 2165 714 2202; x_wconf 84' lang='grc' dir='ltr'>τοῖς</span> <span class='ocrx_word' id='word_1_323' title='bbox 737 2162 987 2211; x_wconf 78' lang='grc' dir='ltr'>θεσμοθέταις</span> <span class='ocrx_word' id='word_1_324' title='bbox 1017 2161 1096 2201; x_wconf 80' lang='grc' dir='ltr'>καθ’</span> <span class='ocrx_word' id='word_1_325' title='bbox 1120 2164 1288 2202; x_wconf 82' lang='grc' dir='ltr'>ἕκαστον</span> <span class='ocrx_word' id='word_1_326' title='bbox 1314 2162 1491 2201; x_wconf 82' lang='grc' dir='ltr'>ἐνιαυτὸν</span> <span class='ocrx_word' id='word_1_327' title='bbox 1513 2165 1611 2212; x_wconf 87' lang='grc' dir='ltr'>διορ-</span> 
     </span>
     <span class='ocr_line' id='line_1_37' title="bbox 99 2217 1612 2270; baseline 0.002 -16"><span class='ocrx_word' id='word_1_328' title='bbox 99 2219 193 2255; x_wconf 78' lang='grc' dir='ltr'>θοῦν</span> <span class='ocrx_word' id='word_1_329' title='bbox 215 2220 258 2255; x_wconf 86' lang='grc' dir='ltr'>ἐν</span> <span class='ocrx_word' id='word_1_330' title='bbox 279 2219 329 2270; x_wconf 74' lang='grc' dir='ltr'>τῷ</span> <span class='ocrx_word' id='word_1_331' title='bbox 351 2217 454 2269; x_wconf 73' lang='grc' dir='ltr'>δήμῳ</span> <span class='ocrx_word' id='word_1_332' title='bbox 480 2218 566 2257; x_wconf 82' lang='grc' dir='ltr'>τοὺς</span> <span class='ocrx_word' id='word_1_333' title='bbox 589 2218 740 2266; x_wconf 83' lang='grc' dir='ltr'>νόμους,</span> <span class='ocrx_word' id='word_1_334' title='bbox 765 2219 931 2268; x_wconf 78' lang='grc' dir='ltr'>ἀκριβῶς</span> <span class='ocrx_word' id='word_1_335' title='bbox 961 2218 1217 2267; x_wconf 76' lang='grc' dir='ltr'>ἐξετάσαντας</span> <span class='ocrx_word' id='word_1_336' title='bbox 1248 2219 1309 2257; x_wconf 90' lang='grc' dir='ltr'>καὶ</span> <span class='ocrx_word' id='word_1_337' title='bbox 1337 2217 1612 2269; x_wconf 80' lang='grc' dir='ltr'>σκεψαμένους</span> 
     </span>
     <span class='ocr_line' id='line_1_38' title="bbox 101 2272 1612 2328; baseline 0.003 -17"><span class='ocrx_word' id='word_1_338' title='bbox 101 2273 137 2311; x_wconf 83' lang='grc' dir='ltr'>εἴ</span> <span class='ocrx_word' id='word_1_339' title='bbox 169 2289 224 2313; x_wconf 89' lang='grc' dir='ltr'>τις</span> <span class='ocrx_word' id='word_1_340' title='bbox 259 2273 554 2324; x_wconf 80' lang='grc' dir='ltr'>ἀναγέγραπται</span> <span class='ocrx_word' id='word_1_341' title='bbox 591 2275 707 2322; x_wconf 86' lang='grc' dir='ltr'>νόμος</span> <span class='ocrx_word' id='word_1_342' title='bbox 740 2275 913 2315; x_wconf 83' lang='grc' dir='ltr'>ἐναντίος</span> <span class='ocrx_word' id='word_1_343' title='bbox 949 2273 1066 2326; x_wconf 79' lang='grc' dir='ltr'>ἑτέρῳ</span> <span class='ocrx_word' id='word_1_344' title='bbox 1101 2276 1204 2328; x_wconf 81' lang='grc' dir='ltr'>νόμῳ</span> <span class='ocrx_word' id='word_1_345' title='bbox 1235 2272 1256 2323; x_wconf 79' lang='grc' dir='ltr'>ἦ</span> <span class='ocrx_word' id='word_1_346' title='bbox 1289 2275 1426 2324; x_wconf 80' lang='grc' dir='ltr'>ἄκυρος</span> <span class='ocrx_word' id='word_1_347' title='bbox 1458 2275 1501 2313; x_wconf 85' lang='grc' dir='ltr'>ἐν</span> <span class='ocrx_word' id='word_1_348' title='bbox 1533 2278 1612 2315; x_wconf 81' lang='grc' dir='ltr'>τοῖς</span> 
     </span>
     <span class='ocr_line' id='line_1_39' title="bbox 101 2328 1611 2381; baseline 0.001 -15"><span class='ocrx_word' id='word_1_349' title='bbox 101 2329 239 2378; x_wconf 87' lang='grc' dir='ltr'>κυρίοις</span> <span class='ocrx_word' id='word_1_350' title='bbox 261 2333 339 2367; x_wconf 79' lang='lat' dir='ltr'>ete.</span> <span class='ocrx_word' id='word_1_351' title='bbox 389 2328 479 2378; x_wconf 77' lang='lat' dir='ltr'>Quo</span> <span class='ocrx_word' id='word_1_352' title='bbox 502 2328 591 2367; x_wconf 86' lang='lat' dir='ltr'>loeo</span> <span class='ocrx_word' id='word_1_353' title='bbox 614 2328 927 2381; x_wconf 76' lang='lat' dir='ltr'>Harpocration</span> <span class='ocrx_word' id='word_1_354' title='bbox 950 2344 981 2369; x_wconf 89' lang='lat' dir='ltr'>s.</span> <span class='ocrx_word' id='word_1_355' title='bbox 996 2344 1031 2369; x_wconf 87' lang='lat' dir='ltr'>v.</span> <span class='ocrx_word' id='word_1_356' title='bbox 1055 2330 1289 2379; x_wconf 87' lang='grc' dir='ltr'>θεσμοθέται</span> <span class='ocrx_word' id='word_1_357' title='bbox 1310 2329 1445 2368; x_wconf 87' lang='lat' dir='ltr'>utitur</span> <span class='ocrx_word' id='word_1_358' title='bbox 1465 2329 1611 2369; x_wconf 87' lang='lat' dir='ltr'>addito</span> 
     </span>
     <span class='ocr_line' id='line_1_40' title="bbox 102 2383 1611 2438; baseline 0.001 -16"><span class='ocrx_word' id='word_1_359' title='bbox 102 2383 393 2437; x_wconf 83' lang='lat' dir='ltr'>Theophrasto</span> <span class='ocrx_word' id='word_1_360' title='bbox 417 2386 458 2423; x_wconf 87' lang='grc' dir='ltr'>ἐν</span> <span class='ocrx_word' id='word_1_361' title='bbox 481 2388 516 2435; x_wconf 81' lang='grc' dir='ltr'>γ’</span> <span class='ocrx_word' id='word_1_362' title='bbox 542 2386 698 2434; x_wconf 84' lang='grc' dir='ltr'>Νόμων.</span> <span class='ocrx_word' id='word_1_363' title='bbox 755 2385 818 2424; x_wconf 86' lang='lat' dir='ltr'>De</span> <span class='ocrx_word' id='word_1_364' title='bbox 840 2385 1004 2424; x_wconf 90' lang='lat' dir='ltr'>ratione</span> <span class='ocrx_word' id='word_1_365' title='bbox 1025 2390 1167 2425; x_wconf 84' lang='lat' dir='ltr'>autem</span> <span class='ocrx_word' id='word_1_366' title='bbox 1189 2385 1324 2438; x_wconf 76' lang='lat' dir='ltr'>legum</span> <span class='ocrx_word' id='word_1_367' title='bbox 1346 2386 1611 2425; x_wconf 85' lang='lat' dir='ltr'>ferendarum</span> 
     </span>
     <span class='ocr_line' id='line_1_41' title="bbox 101 2440 1560 2493; baseline 0.001 -15"><span class='ocrx_word' id='word_1_368' title='bbox 101 2444 143 2479; x_wconf 91' lang='lat' dir='ltr'>et</span> <span class='ocrx_word' id='word_1_369' title='bbox 165 2440 503 2493; x_wconf 78' lang='lat' dir='ltr'>abrogandarum</span> <span class='ocrx_word' id='word_1_370' title='bbox 526 2455 562 2479; x_wconf 85' lang='lat' dir='ltr'>v.</span> <span class='ocrx_word' id='word_1_371' title='bbox 583 2440 887 2491; x_wconf 61' lang='lat' dir='ltr'>Proleg&#39;omena</span> <span class='ocrx_word' id='word_1_372' title='bbox 908 2442 962 2480; x_wconf 88' lang='lat' dir='ltr'>ad</span> <span class='ocrx_word' id='word_1_373' title='bbox 984 2441 1216 2480; x_wconf 82' lang='lat' dir='ltr'>orationem</span> <span class='ocrx_word' id='word_1_374' title='bbox 1240 2441 1560 2481; x_wconf 78' lang='lat' dir='ltr'>Timocrateam.</span> 
     </span>
    </p>

    <p class='ocr_par' dir='ltr' id='par_1_8' title="bbox 100 2492 1610 2606">
     <span class='ocr_line' id='line_1_42' title="bbox 157 2492 1610 2550; baseline 0.002 -17"><span class='ocrx_word' id='word_1_375' title='bbox 157 2499 254 2545; x_wconf 70' lang='lat'>484,</span> <span class='ocrx_word' id='word_1_376' title='bbox 276 2508 338 2547; x_wconf 77' lang='lat'>29.</span> <span class='ocrx_word' id='word_1_377' title='bbox 363 2497 424 2535; x_wconf 84' lang='grc' dir='ltr'>ἐπὶ</span> <span class='ocrx_word' id='word_1_378' title='bbox 447 2495 655 2545; x_wconf 83' lang='grc' dir='ltr'>πάμπολυν</span> <span class='ocrx_word' id='word_1_379' title='bbox 676 2492 745 2546; x_wconf 73' lang='grc' dir='ltr'>ἤδη</span> <span class='ocrx_word' id='word_1_380' title='bbox 768 2498 931 2550; x_wconf 79' lang='grc' dir='ltr'>χρόνον]</span> <span class='ocrx_word' id='word_1_381' title='bbox 960 2497 992 2536; x_wconf 89' lang='lat' dir='ltr'>I.</span> <span class='ocrx_word' id='word_1_382' title='bbox 1008 2511 1041 2536; x_wconf 91' lang='lat' dir='ltr'>e.</span> <span class='ocrx_word' id='word_1_383' title='bbox 1061 2497 1133 2535; x_wconf 63' lang='lat' dir='ltr'>(liu</span> <span class='ocrx_word' id='word_1_384' title='bbox 1155 2504 1211 2536; x_wconf 74' lang='lat' dir='ltr'>est</span> <span class='ocrx_word' id='word_1_385' title='bbox 1231 2511 1275 2535; x_wconf 72' lang='lat' dir='ltr'>(w</span> <span class='ocrx_word' id='word_1_386' title='bbox 1295 2512 1368 2550; x_wconf 71' lang='lat' dir='ltr'>quo</span> <span class='ocrx_word' id='word_1_387' title='bbox 1388 2496 1610 2549; x_wconf 41' lang='lat' dir='ltr'>sse&#39;cfitcitz&#39;s.</span> 
     </span>
     <span class='ocr_line' id='line_1_43' title="bbox 100 2552 1260 2606; baseline 0.001 -16"><span class='ocrx_word' id='word_1_388' title='bbox 100 2552 162 2591; x_wconf 80' lang='grc' dir='ltr'>ἐπὶ</span> <span class='ocrx_word' id='word_1_389' title='bbox 185 2554 338 2593; x_wconf 80' lang='grc' dir='ltr'>πολλὰς</span> <span class='ocrx_word' id='word_1_390' title='bbox 358 2552 501 2602; x_wconf 85' lang='grc' dir='ltr'>ἡμέρας</span> <span class='ocrx_word' id='word_1_391' title='bbox 523 2566 561 2604; x_wconf 88' lang='lat' dir='ltr'>p.</span> <span class='ocrx_word' id='word_1_392' title='bbox 583 2563 679 2603; x_wconf 77' lang='lat'>527,</span> <span class='ocrx_word' id='word_1_393' title='bbox 707 2565 764 2602; x_wconf 77' lang='lat' dir='ltr'>[o.</span> <span class='ocrx_word' id='word_1_394' title='bbox 787 2557 1005 2606; x_wconf 82' lang='lat' dir='ltr'>comparat</span> <span class='ocrx_word' id='word_1_395' title='bbox 1028 2553 1260 2592; x_wconf 78' lang='lat' dir='ltr'>Dobraeus.</span> 
     </span>
    </p>

    <p class='ocr_par' dir='ltr' id='par_1_9' title="bbox 99 2608 1612 2998">
     <span class='ocr_line' id='line_1_44' title="bbox 154 2608 1611 2661; baseline 0.001 -16"><span class='ocrx_word' id='word_1_396' title='bbox 154 2609 251 2661; x_wconf 73' lang='grc'>485,</span> <span class='ocrx_word' id='word_1_397' title='bbox 278 2620 314 2646; x_wconf 83' lang='lat'>2.</span> <span class='ocrx_word' id='word_1_398' title='bbox 349 2609 547 2660; x_wconf 85' lang='grc' dir='ltr'>νεώτεροι]</span> <span class='ocrx_word' id='word_1_399' title='bbox 584 2608 803 2647; x_wconf 85' lang='lat' dir='ltr'>Sententia</span> <span class='ocrx_word' id='word_1_400' title='bbox 835 2613 910 2653; x_wconf 53' lang='lat' dir='ltr'>est.</span> <span class='ocrx_word' id='word_1_401' title='bbox 942 2613 1031 2648; x_wconf 82' lang='lat' dir='ltr'>tam</span> <span class='ocrx_word' id='word_1_402' title='bbox 1063 2609 1230 2648; x_wconf 71' lang='lat' dir='ltr'>crebras</span> <span class='ocrx_word' id='word_1_403' title='bbox 1261 2608 1359 2647; x_wconf 86' lang='lat' dir='ltr'>ferri</span> <span class='ocrx_word' id='word_1_404' title='bbox 1390 2608 1514 2661; x_wconf 42' lang='lat' dir='ltr'>legem</span> <span class='ocrx_word' id='word_1_405' title='bbox 1548 2623 1611 2647; x_wconf 90' lang='lat' dir='ltr'>ro-</span> 
     </span>
     <span class='ocr_line' id='line_1_45' title="bbox 99 2661 1611 2718; baseline 0 -15"><span class='ocrx_word' id='word_1_406' title='bbox 99 2663 189 2717; x_wconf 83' lang='lat' dir='ltr'>gari</span> <span class='ocrx_word' id='word_1_407' title='bbox 211 2672 254 2704; x_wconf 84' lang='lat' dir='ltr'>et</span> <span class='ocrx_word' id='word_1_408' title='bbox 276 2678 417 2703; x_wconf 85' lang='lat' dir='ltr'>rursus</span> <span class='ocrx_word' id='word_1_409' title='bbox 439 2663 647 2717; x_wconf 82' lang='lat' dir='ltr'>abrogari,</span> <span class='ocrx_word' id='word_1_410' title='bbox 672 2663 858 2716; x_wconf 84' lang='lat' dir='ltr'>aliasque</span> <span class='ocrx_word' id='word_1_411' title='bbox 882 2664 973 2703; x_wconf 86' lang='lat' dir='ltr'>aliis</span> <span class='ocrx_word' id='word_1_412' title='bbox 995 2664 1217 2712; x_wconf 77' lang='lat' dir='ltr'>debilitari,</span> <span class='ocrx_word' id='word_1_413' title='bbox 1240 2670 1287 2703; x_wconf 88' lang='lat' dir='ltr'>ut</span> <span class='ocrx_word' id='word_1_414' title='bbox 1309 2661 1453 2703; x_wconf 86' lang='lat' dir='ltr'>earum</span> <span class='ocrx_word' id='word_1_415' title='bbox 1474 2664 1611 2718; x_wconf 77' lang='lat' dir='ltr'>legum</span> 
     </span>
     <span class='ocr_line' id='line_1_46' title="bbox 101 2719 1612 2773; baseline 0.001 -15"><span class='ocrx_word' id='word_1_416' title='bbox 101 2734 183 2759; x_wconf 89' lang='lat' dir='ltr'>non</span> <span class='ocrx_word' id='word_1_417' title='bbox 204 2720 338 2772; x_wconf 85' lang='lat' dir='ltr'>major</span> <span class='ocrx_word' id='word_1_418' title='bbox 359 2719 414 2759; x_wconf 88' lang='lat' dir='ltr'>sit</span> <span class='ocrx_word' id='word_1_419' title='bbox 437 2734 559 2772; x_wconf 82' lang='lat' dir='ltr'>quam</span> <span class='ocrx_word' id='word_1_420' title='bbox 589 2719 901 2773; x_wconf 65' lang='lat' dir='ltr'>plebisscitorum</span> <span class='ocrx_word' id='word_1_421' title='bbox 930 2720 1174 2760; x_wconf 80' lang='lat' dir='ltr'>auctoritas.</span> <span class='ocrx_word' id='word_1_422' title='bbox 1236 2720 1449 2759; x_wconf 69' lang='lat' dir='ltr'>Valebant</span> <span class='ocrx_word' id='word_1_423' title='bbox 1470 2725 1612 2760; x_wconf 87' lang='lat' dir='ltr'>autem</span> 
     </span>
     <span class='ocr_line' id='line_1_47' title="bbox 99 2775 1610 2830; baseline 0.001 -16"><span class='ocrx_word' id='word_1_424' title='bbox 99 2775 315 2828; x_wconf 81' lang='lat' dir='ltr'>plebiscita</span> <span class='ocrx_word' id='word_1_425' title='bbox 346 2776 400 2815; x_wconf 88' lang='lat' dir='ltr'>ad</span> <span class='ocrx_word' id='word_1_426' title='bbox 430 2790 585 2815; x_wconf 86' lang='lat' dir='ltr'>annum</span> <span class='ocrx_word' id='word_1_427' title='bbox 617 2776 757 2823; x_wconf 74' lang='lat' dir='ltr'>ferme,</span> <span class='ocrx_word' id='word_1_428' title='bbox 782 2775 858 2814; x_wconf 85' lang='lat' dir='ltr'>nisi</span> <span class='ocrx_word' id='word_1_429' title='bbox 884 2775 993 2815; x_wconf 89' lang='lat' dir='ltr'>inter</span> <span class='ocrx_word' id='word_1_430' title='bbox 1021 2776 1131 2830; x_wconf 81' lang='lat' dir='ltr'>leges</span> <span class='ocrx_word' id='word_1_431' title='bbox 1156 2775 1466 2829; x_wconf 58' lang='lat' dir='ltr'>reeiperentum</span> <span class='ocrx_word' id='word_1_432' title='bbox 1500 2776 1610 2830; x_wconf 82' lang='lat' dir='ltr'>leges</span> 
     </span>
     <span class='ocr_line' id='line_1_48' title="bbox 99 2831 1610 2885; baseline 0.001 -15"><span class='ocrx_word' id='word_1_433' title='bbox 99 2836 240 2871; x_wconf 81' lang='lat' dir='ltr'>autem</span> <span class='ocrx_word' id='word_1_434' title='bbox 271 2831 352 2870; x_wconf 86' lang='lat' dir='ltr'>vim</span> <span class='ocrx_word' id='word_1_435' title='bbox 388 2838 631 2885; x_wconf 81' lang='lat' dir='ltr'>perpetuam</span> <span class='ocrx_word' id='word_1_436' title='bbox 664 2831 890 2871; x_wconf 84' lang='lat' dir='ltr'>habebant.</span> <span class='ocrx_word' id='word_1_437' title='bbox 954 2832 1047 2871; x_wconf 90' lang='lat' dir='ltr'>Non</span> <span class='ocrx_word' id='word_1_438' title='bbox 1079 2831 1197 2871; x_wconf 77' lang='lat' dir='ltr'>video</span> <span class='ocrx_word' id='word_1_439' title='bbox 1229 2846 1302 2871; x_wconf 87' lang='lat' dir='ltr'>eur</span> <span class='ocrx_word' id='word_1_440' title='bbox 1331 2832 1491 2885; x_wconf 88' lang='lat' dir='ltr'>optima</span> <span class='ocrx_word' id='word_1_441' title='bbox 1521 2846 1610 2871; x_wconf 85' lang='lat' dir='ltr'>sen-</span> 
     </span>
     <span class='ocr_line' id='line_1_49' title="bbox 100 2886 1611 2941; baseline 0.001 -15"><span class='ocrx_word' id='word_1_442' title='bbox 100 2886 234 2926; x_wconf 84' lang='lat' dir='ltr'>tentia</span> <span class='ocrx_word' id='word_1_443' title='bbox 250 2887 477 2941; x_wconf 82' lang='lat' dir='ltr'>juguletur.</span> <span class='ocrx_word' id='word_1_444' title='bbox 511 2887 709 2928; x_wconf 80' lang='lat' dir='ltr'>REISK.</span> <span class='ocrx_word' id='word_1_445' title='bbox 762 2888 826 2927; x_wconf 90' lang='lat' dir='ltr'>De</span> <span class='ocrx_word' id='word_1_446' title='bbox 847 2887 983 2941; x_wconf 82' lang='lat' dir='ltr'>legum</span> <span class='ocrx_word' id='word_1_447' title='bbox 1005 2902 1205 2928; x_wconf 85' lang='lat' dir='ltr'>novarum</span> <span class='ocrx_word' id='word_1_448' title='bbox 1227 2902 1350 2941; x_wconf 86' lang='lat' dir='ltr'>super</span> <span class='ocrx_word' id='word_1_449' title='bbox 1372 2902 1500 2928; x_wconf 86' lang='lat' dir='ltr'>novas</span> <span class='ocrx_word' id='word_1_450' title='bbox 1517 2889 1611 2927; x_wconf 91' lang='lat' dir='ltr'>sub-</span> 
     </span>
     <span class='ocr_line' id='line_1_50' title="bbox 101 2941 1610 2998; baseline 0.002 -17"><span class='ocrx_word' id='word_1_451' title='bbox 101 2941 195 2982; x_wconf 85' lang='lat' dir='ltr'>inde</span> <span class='ocrx_word' id='word_1_452' title='bbox 239 2948 528 2983; x_wconf 85' lang='lat' dir='ltr'>aeervatarum</span> <span class='ocrx_word' id='word_1_453' title='bbox 575 2942 775 2984; x_wconf 85' lang='lat' dir='ltr'>immensa</span> <span class='ocrx_word' id='word_1_454' title='bbox 814 2944 1082 2984; x_wconf 88' lang='lat' dir='ltr'>multitudine</span> <span class='ocrx_word' id='word_1_455' title='bbox 1124 2944 1452 2984; x_wconf 85' lang='lat' dir='ltr'>Demosthenem</span> <span class='ocrx_word' id='word_1_456' title='bbox 1494 2944 1610 2998; x_wconf 88' lang='lat' dir='ltr'>queri</span> 
     </span>
    </p>

    <p class='ocr_par' dir='ltr' id='par_1_10' title="bbox 846 3015 872 3038">
     <span class='ocr_line' id='line_1_51' title="bbox 846 3015 872 3038; baseline 0.038 -1"><span class='ocrx_word' id='word_1_457' title='bbox 846 3015 872 3038; x_wconf 89' lang='lat'>11</span> 
     </span>
    </p>
   </div>
  </div>
 </body>
</html>
