1997 3256
436 147 764 188 ADVERSUS
798 148 1295 189 ARISTOGITONEM
1330 149 1361 188 Ι.
1548 150 1659 192 1029

144 253 258 293 cendi
281 252 521 306 faciendam
548 268 623 293 esse
647 259 874 307 potestatem
905 254 957 294 siis
986 254 1218 303 hominibus,
1243 268 1407 307 quorum
1430 255 1475 294 ’ἰη
1501 268 1660 294 numero

144 309 459 404 ῗὶὂῐξνὶεΐοῃῖΐο,
494 309 672 349 violentis
708 324 855 363 nempe,
887 311 1055 350 carceris
1088 310 1361 362 effractoribus
1393 314 1472 350 cte.
1516 310 1660 350 ΤΑΥ-

205 431 297 475 779,
320 432 362 474 5.
386 424 733 474 τοῖς-λαχοῦσιν]
773 422 851 472 Qui
882 421 1081 476 reprobati
1108 429 1238 470 essent,
1260 436 1347 461 cum
1377 421 1571 462 ambirent
1596 423 1660 472 ἀρ-

144 476 221 529 χὴν
243 478 454 528 κληρωτήν.
496 478 605 518 SCH
613 479 647 517 Α
658 478 692 516 Ε
702 478 746 517 F.

204 543 297 587 779,
323 547 384 585 13.
408 534 447 586 ὃ]
488 534 680 573 Reiskius
702 534 742 573 in
763 534 852 573 Iud.
872 533 1105 574 Graecitat.
1130 540 1152 555 “
1170 533 1190 573 ὃ
1212 548 1287 587 pro
1308 533 1379 579 διὸ,
1403 537 1662 586 quapropter

147 598 241 640 779,
265 604 324 641 ¹3·
349 591 442 636 802,
468 590 557 629 20J'
618 590 710 629 Non
747 590 976 629 assentior:
1020 594 1169 629 neutro
1206 589 1315 629 onim
1350 590 1438 628 loco
1475 589 1661 643 cogitan-

145 644 245 685 dum
271 646 322 685 de
348 646 477 700 ellipsi
507 646 826 700 praepositionis
848 646 920 685 διά.
984 645 1097 685 Infra
1119 645 1139 685 ὃ
1162 650 1225 685 cst
1256 645 1499 685 nominativi
1528 659 1660 693 casus,

145 716 333 756 quaeque
364 708 595 756 sequuntur
615 703 701 744 τοὺς
727 705 800 752 μὲν
822 704 954 741 πολλὰ
976 719 1007 741 κ.
1031 718 1063 740 τ.
1087 707 1126 740 λ.
1148 701 1294 741 addita
1321 706 1417 741 sunt
1441 703 1662 751 ἐπεξηγητι-

146 761 230 799 κῶς.
293 758 376 798 Hic
412 758 639 798 accusativi
672 759 837 812 quidem
870 772 989 797 casus
1020 762 1096 803 cst,
1130 757 1201 796 scd
1232 756 1453 810 pendentis
1483 771 1509 796 a
1535 757 1662 796 verbo

146 814 295 864 ἀγνοεῖ,
330 815 598 868 sequiturque
631 814 773 854 similis
806 814 1047 864 ἐπεξήγησις,
1080 812 1139 853 ὅτι
1172 814 1234 853 ἐπὶ
1264 814 1336 864 μὲν
1366 813 1487 852 καλὸν
1509 830 1540 851 κ.
1563 829 1594 852 τ.
1622 819 1661 852 λ.

148 871 408 910 SCHAEF.
472 872 562 911 I1no
584 871 649 910 hic
673 884 836 925 quoque
864 869 1143 909 nominativus
1166 875 1240 909 est.
1296 869 1350 907 V.
1376 868 1585 908 Schacfcr.
1608 869 1663 909 ad

144 940 186 979 p.
208 938 325 979 1277,
349 941 408 967 10.

205 993 297 1037 779,
321 985 380 1022 16.
402 983 453 1033 μὴ
474 980 869 1035 γὰρ-ποιήσασθαι]
903 981 969 1021 Sic
991 982 1042 1022 de
1062 981 1167 1021 falsa
1187 981 1265 1033 leg.
1283 995 1324 1034 p.
1341 992 1437 1034 433,
1459 993 1495 1021 2.
1516 980 1567 1031 μὴ
1588 983 1663 1033 γὰρ

146 1040 242 1078 οὕτω
274 1041 429 1091 γένοιτο
453 1043 575 1081 κακῶς
606 1042 651 1094 τῇ
681 1040 795 1078 πόλει
824 1039 925 1078 ὥστε
943 1038 1172 1089 Ἀφοβήτου
1199 1034 1259 1077 xcii
1288 1039 1480 1089 Αἰσχίνου
1508 1043 1664 1088 σωφρο-

146 1100 289 1135 νιστῶν
310 1099 491 1146 δεηθῆναι
512 1097 600 1136 τοὺς
622 1095 843 1145 νεωτέρους.
886 1094 1060 1134 DOBR.

206 1162 302 1205 779,
322 1154 383 1191 18.
405 1152 663 1204 ποιήσασθαι]
708 1152 763 1190 Ut
781 1151 923 1190 cic-itas
948 1165 1082 1190 rerum-
1103 1149 1417 1204 praeclararum
1448 1149 1664 1203 quiequam

145 1206 226 1246 sihi
246 1209 394 1261 perani
421 1215 456 1248 et
486 1207 715 1261 comparari
742 1206 791 1246 αἶ)
813 1207 1084 1260 Aristostilone
1110 1206 1202 1246 velit
1229 1206 1336 1259 eique
1366 1205 1413 1245 {cl
1441 1205 1666 1245 cecraozdmn

145 1270 180 1303 et
200 1264 442 1316 efficiendam
463 1264 633 1304 mandet.
681 1263 874 1302 REISK.

206 1331 299 1375 779,
321 1334 385 1361 20.
408 1322 667 1373 ἀπεύχεσθαι]
704 1320 768 1359 De
790 1319 987 1359 Chorson.
1005 1334 1044 1372 p.
1068 1330 1155 1365 102,
1179 1318 1239 1356 16.
1262 1317 1332 1367 τὴν
1354 1319 1394 1357 δὲ
1417 1321 1492 1357 τῶν
1514 1318 1664 1358 δούλων

148 1378 321 1428 ἀνάγκην
345 1379 585 1429 ἀπεύχεσθαι
607 1377 726 1426 δήπου
748 1376 798 1426 μὴ
819 1375 1008 1427 γενέσθαι
1029 1379 1099 1415 δεῖ.
1142 1373 1314 1413 DOBR.

207 1434 300 1485 780,
322 1444 383 1486 17.
409 1434 604 1484 Προνοίας
618 1432 804 1483 Ἀθῆνας]
841 1431 953 1471 Hinc
975 1431 1102 1471 etiam
1123 1429 1344 1469 Aeschinis
1366 1429 1479 1469 locus
1498 1431 1551 1482 (c.
1571 1430 1665 1470 Cte-

147 1489 253 1542 siph.
282 1505 321 1543 p.
350 1493 416 1542 69.
447 1490 532 1542 70.)
557 1488 753 1542 explicari
783 1492 937 1541 potest.
999 1486 1186 1542 Opponit
1206 1485 1377 1536 Ἀθηνᾶν
1399 1487 1598 1537 Πρόνοιαν
1619 1489 1666 1540 τῇ

146 1544 485 1598 Ἀριστογείτονος
501 1545 700 1598 Ἀπονοίᾳ.
736 1544 929 1583 WOLF.

208 1603 387 1654 780,18.
411 1603 520 1653 νεὼς]
553 1601 602 1640 F.
644 1601 787 1651 βωμὸς,
809 1615 900 1640 ara.
934 1599 1131 1639 WOLF.
1193 1598 1288 1638 Non
1309 1612 1426 1652 opus.
1485 1597 1666 1638 Aedicu-

148 1658 232 1698 lam
267 1658 496 1712 intelligere
536 1657 675 1711 potuit
711 1672 780 1697 seu
819 1656 962 1696 cellam
997 1655 1248 1709 (cujusmodi
1283 1655 1367 1694 fere
1408 1654 1530 1694 hodie
1569 1659 1667 1694 sunt

147 1715 329 1768 capellae
360 1715 402 1754 in
434 1714 615 1754 ecclesiis
637 1713 973 1761 Romanensium,
996 1711 1171 1765 privatis
1201 1711 1328 1751 sacris
1359 1710 1596 1750 destinatae
1624 1715 1667 1750 et

148 1772 232 1811 suis
255 1786 418 1825 quoque
439 1770 619 1810 aedituis
647 1771 912 1819 instructae),
937 1783 1113 1822 quarum
1142 1767 1342 1821 plurimas
1364 1781 1491 1806 unum
1511 1767 1667 1806 famum

148 1828 367 1882 complecti
402 1827 576 1866 solebat.
640 1826 748 1866 Nam
780 1826 821 1864 in
852 1825 1021 1878 templo,
1050 1825 1079 1864 J
1085 1824 1171 1863 ovis
1207 1828 1311 1877 puta
1342 1827 1417 1863 aut
1448 1822 1666 1876 Apollinis,

149 1889 316 1924 caetera
338 1898 501 1937 quoque
523 1883 693 1922 numina
714 1881 894 1935 hospitio
916 1896 998 1920 non
1026 1880 1369 1934 prohibebantur.
1431 1879 1499 1919 Sic
1522 1879 1563 1918 in
1585 1894 1667 1919 11110

149 1940 359 1994 Capitolio
387 1940 547 1979 Romae
579 1939 850 1993 plurimorum
883 1938 1056 1977 deorum
1088 1936 1300 1976 aediculae
1331 1940 1466 1975 crant.
1528 1935 1668 1975 Livius

150 2010 173 2050 3
178 2009 216 2049 5,
240 2011 309 2047 41.
341 1996 482 2035 Aedes
503 1996 610 2035 duae
631 1995 732 2034 Joci
755 2009 794 2034 eo
821 2008 924 2034 senno
950 1994 992 2032 iu
1015 1992 1221 2046 Capitolio
1243 1992 1449 2032 dedicatae
1473 1992 1669 2031 sunt—cle

148 2053 296 2093 mulcta
327 2053 607 2092 (ἷανιηαΐονῑιηι
640 2051 862 2104 quadrifico
892 2051 1106 2089 inauratae
1136 2049 1178 2088 in
1209 2048 1405 2102 Capitolio
1432 2048 1592 2100 positae
1625 2048 1668 2087 in

150 2109 252 2149 cella
272 2110 301 2149 J
307 2109 393 2148 ovis
423 2122 547 2160 supra
569 2107 785 2161 fixste‘sn‘am
813 2106 1038 2146 aediculae.
1101 2105 1165 2144 De
1191 2104 1562 2144 contubernalibus
1589 2103 1667 2143 diis

149 2166 328 2219 plurima
362 2165 490 2204 habet
523 2163 774 2203 consulenda
796 2163 846 2202 G.
867 2162 1101 2201 D”Arnaud
1136 2161 1178 2200 111
1206 2160 1517 2208 commentario,
1545 2173 1669 2213 (1110111

149 2221 364 2275 inscripsit
384 2221 434 2260 de
458 2220 548 2260 Diis
572 2221 796 2271 Παρέὸροις,
821 2223 863 2259 et
886 2232 990 2272 quac
1016 2217 1259 2257 adtulerunt
1281 2216 1356 2257 viri
1378 2216 1490 2256 docti
1518 2217 1573 2256 ad
1599 2231 1669 2255 ex-

150 2278 342 2333 plicanda
363 2277 432 2317 illa
454 2277 552 2316 Act.
570 2275 764 2328 Apostol.
789 2287 848 2329 19.
868 2288 920 2322 24
937 2291 944 2314 z
977 2274 1081 2314 adeo
1104 2278 1151 2313 ut
1172 2273 1272 2312 nihil
1293 2272 1445 2311 mirum
1466 2286 1555 2311 esse
1575 2286 1668 2325 pos-

151 2335 221 2382 sit,
244 2336 277 2373 si
298 2334 340 2372 in
362 2333 517 2386 templo
537 2331 740 2385 Apollinis
757 2330 945 2383 Delphici
967 2330 1158 2369 Minerva
1179 2343 1344 2381 quoque
1366 2342 1482 2367 suam
1503 2328 1668 2367 aedicu-

150 2391 246 2437 lam,
270 2390 375 2429 ritus
398 2394 440 2428 et
461 2387 675 2428 antistites
697 2387 825 2426 etiam
847 2387 1032 2425 haberet.
1086 2385 1219 2423 Immo
1240 2384 1455 2423 Minervae
1474 2385 1669 2434 Προνοίας

152 2447 295 2487 cellam
314 2445 487 2498 Delphis
508 2448 713 2483 memorat
732 2442 963 2482 Pausanias
983 2441 1077 2488 10,8
1096 2459 1104 2486 ;
1133 2443 1152 2480 ὁ
1169 2440 1350 2490 τέταρτος
1367 2441 1408 2478 δὲ
1422 2439 1590 2489 Ἀθηνᾶς
1606 2456 1669 2478 κα-

152 2508 280 2543 λεῖται
294 2503 504 2551 Προνοίας.
539 2505 581 2539 ct
599 2499 746 2538 deinde
764 2515 771 2538 :
799 2501 947 2550 χρυσοῦ
970 2499 1010 2537 δὲ
1028 2497 1172 2536 ἀσπίδα
1188 2496 1261 2535 ὑπὸ
1277 2496 1447 2545 Κροίσου
1463 2498 1530 2534 τοῦ
1543 2498 1670 2534 Λυδοῦ

153 2562 199 2613 τῇ
213 2558 361 2610 Ἀθηνᾷ
383 2559 427 2611 τῇ
453 2557 626 2608 Προνοίᾳ
647 2558 831 2594 δοθεῖσαν
853 2553 1011 2604 ἐλέγετο
1032 2553 1106 2592 ὑπὸ
1128 2556 1204 2591 τῶν
1222 2555 1408 2602 Δελφῶν,
1429 2552 1476 2592 ὡς
1497 2553 1669 2600 Φιλόμη-

153 2619 225 2656 λος
242 2615 359 2663 αὐτὴν
378 2615 561 2662 ἐσύλησε.
601 2611 681 2650 Sed
703 2624 769 2649 1110
790 2610 894 2649 1111110
916 2610 1056 2655 habet,
1072 2608 1182 2662 quod
1203 2622 1252 2647 ea
1272 2606 1458 2647 aedicula
1478 2606 1544 2645 hic
1561 2606 1669 2646 dice-

153 2676 271 2711 retur
299 2670 510 2710 κάλλιστος
541 2668 602 2707 καὶ
632 2668 827 2718 μέγιστος,
856 2664 1102 2718 pracsertim
1123 2678 1221 2703 vero
1249 2663 1358 2717 quod
1383 2663 1477 2715 jure
1508 2676 1669 2702 summo

154 2727 253 2767 olim
274 2725 580 2766 contenderunt
596 2723 673 2763 viri
695 2722 935 2769 doctissimi,
954 2734 1056 2774 (11105
1078 2720 1186 2759 infra
1207 2719 1388 2765 nomino,
1406 2718 1530 2757 aedos
1551 2717 1667 2766 istas,

156 2798 259 2837 quas
280 2786 485 2822 memorat
508 2778 739 2820 Pausanias
761 2783 803 2817 ct
825 2778 890 2817 hic
910 2789 1140 2816 memorare
1162 2775 1326 2814 videtur
1348 2773 1667 2821 Demosthenes,

156 2854 239 2879 non
271 2852 359 2877 csse
390 2841 654 2877 consecratas
683 2834 899 2874 Minervae
927 2834 1112 2885 Προνοίᾳ,
1135 2845 1288 2877 verum,
1311 2834 1359 2869 ut
1380 2834 1564 2876 vocatur,
1590 2829 1670 2868 Mi-

157 2910 309 2935 nervae
330 2894 518 2945 Προναίῃ,
538 2892 662 2932 aedos
685 2890 842 2929 scilicet
863 2889 1043 2928 minores
1063 2892 1163 2927 ante
1185 2885 1432 2926 vestibulum
1450 2884 1667 2938 Apollinis,

158 2956 206 2991 ut
232 2950 329 2991 alibi
360 2949 546 3003 loquitur
573 2948 681 2987 1(10111
705 2945 937 2986 Pausanias
960 2959 997 2997 9,
1020 2958 1091 2984 10:
1126 2947 1258 2994 πρῶτα
1281 2943 1353 2992 μὲν
1375 2941 1419 2990 δὴ
1440 2942 1552 2980 λίθου
1574 2942 1670 2980 κατὰ
