1997 3256
326 150 436 191 1006
692 150 1014 191 ADVERSUS
1048 151 1464 192 TIMOCRATEM.

324 260 367 296 et
386 255 580 295 Aeschin.
599 255 649 295 de
668 255 772 295 falsa
792 255 916 309 legat.
943 254 1029 302 188,
1047 267 1149 294 1—2
1173 259 1215 294 et
1231 269 1297 308 ap.
1312 255 1487 294 eundem
1508 254 1550 293 in
1568 253 1837 294 Timarchum

328 323 418 366 157,
454 325 489 359 2,
527 311 639 365 apud
678 312 908 351 lsocratem
948 310 1124 363 denique
1165 311 1253 361 περὶ
1289 312 1458 350 ἀντιδόσ.
1484 312 1580 362 461.
1629 310 1837 351 SCHEL-

325 367 482 407 LING.
507 367 557 406 de
581 367 717 407 Solon.
739 367 816 421 leg.
839 382 877 420 p.
900 379 966 420 35.

383 434 476 476 747,
496 437 510 463 1
524 437 558 464 2.
581 422 811 477 ἐπομνύναι]
847 423 914 463 Sic
937 422 1151 462 Bekkerus
1173 427 1286 462 recte
1308 422 1489 462 correxit
1510 437 1586 476 pro
1609 424 1837 473 ἐπόμνυμαι.

325 479 490 520 Scilicet
518 480 619 519 haec
649 479 786 519 onmia
814 494 944 532 usque
969 479 1022 518 ad
1044 481 1177 518 πολλὰ
1199 480 1349 528 κάγαθὰ
1371 478 1468 518 εἶναι
1498 493 1581 517 11011
1613 484 1709 518 sunt
1740 493 1838 532 pars

322 535 524 575 formulae
541 535 824 589 jurisjurandi,
841 536 913 575 sed
933 535 1034 589 legis
1056 535 1105 574 de
1126 535 1398 588 jurejurando
1419 534 1691 575 heliastarum
1712 535 1836 575 latae.

324 591 464 645 Hujus
495 592 595 645 legis
622 592 706 631 fere
738 592 816 631 1100
845 606 1012 631 carmen
1036 591 1140 631 fuit:
1172 591 1253 630 Τὸν
1273 592 1538 640 ἡλιασόμενον
1559 593 1719 641 ὀμνύναι
1744 594 1838 631 κατὰ

323 648 426 688 τάδε.
472 651 731 700 ιιιΙνήᾅηοῦμαι
760 651 855 688 κατὰ
879 648 965 689 τοὺς
995 648 1237 697 νόμους-οὗ
1260 646 1307 686 ἂν
1327 645 1352 701 ᾗ
1372 647 1394 696 ἡ
1416 646 1580 696 ὃίωξις.”
1627 649 1839 697 ἐπομνύναι

322 706 365 744 δὲ
389 703 484 756 (nisi
515 709 702 758 praestet
735 703 799 744 εἶτ’
821 706 1000 755 ὀμνύναι)
1032 705 1122 749 Δία,
1152 706 1349 752 Ποσειδῶ,
1377 703 1574 755 Δήμητρα,
1605 704 1666 744 καὶ
1697 705 1838 754 ἐπαρᾶ-

323 763 416 800 σθαι
448 762 634 810 ἐξώλειαν
661 762 780 815 ἑαυτῷ
813 762 874 800 καὶ
902 761 1001 814 οἰκίᾳ
1031 763 1075 815 τῇ
1109 761 1258 805 ἑαυτοῦ,
1288 761 1324 799 εἴ
1350 776 1385 798 τι
1414 761 1557 799 τούτων
1586 761 1837 811 παραβαίνοι,

323 817 543 867 εὐορκοῦντι
574 819 615 856 δὲ
646 819 779 857 πολλὰ
808 819 959 868 κάγαθὰ
988 817 1097 856 εἶναι.
1132 815 1383 856 SCHAEF.
1446 815 1565 866 Quod
1587 816 1721 856 tradit
1744 816 1838 856 Pol—

322 872 393 912 lux
423 873 649 926 paullulum
677 874 731 913 ab
753 873 830 913 hoc
854 873 943 913 1000
966 872 1101 912 differt
1119 888 1126 911 ε
1163 874 1314 922 ὤμνυον
1336 871 1366 911 δ’
1386 871 1634 926 ἐνἈρδήττῳ
1651 873 1838 912 Ἀπόλλω

322 930 502 982 πατρῷον
535 930 594 968 καὶ
622 929 807 980 Δήμητρα
833 931 895 969 καὶ
927 930 1006 968 Δία
1035 929 1224 978 βασιλέα.
1287 929 1336 967 111
1365 928 1544 968 Bekker.
1568 929 1775 968 Anecdot.
1798 943 1836 982 p.

321 998 418 1037 443,
452 998 517 1037 3¹·
547 985 839 1038 jusjurandum
873 984 1326 1025 Heliasta1·um“H)uov
1357 985 1485 1025 habet
1521 984 1610 1025 loco
1638 985 1836 1039 Neptuni.

323 1040 673 1081 SCHELLING.
700 1041 725 1080 1.
749 1056 781 1081 0.

381 1097 477 1150 748,
499 1110 532 1136 Ι.
558 1101 633 1137 τῶν
656 1098 854 1150 ἐσχάτων]
890 1097 944 1136 V.
970 1097 1016 1137 L.
1041 1096 1154 1136 BOS-ii
1177 1096 1322 1150 Ellips.
1346 1112 1384 1150 p.
1412 1108 1504 1136 22¹2.
1540 1097 1790 1138 SCHAEF.

381 1153 474 1205 748,
499 1166 559 1205 13.
595 1153 1095 1206 σπέρμα-καταβάλλειν]
1141 1153 1194 1192 V.
1220 1153 1541 1207 xVJttenbaCllii
1572 1153 1767 1194 Julianea
1797 1169 1836 1208 p.

324 1221 417 1250 202.
442 1209 541 1250 edit.
568 1209 679 1263 Lips.
727 1209 976 1250 SOHAEF.

381 1266 557 1320 748,15.
592 1265 667 1306 οὐδ’
693 1268 725 1306 εἰ
754 1266 805 1316 μή
833 1284 891 1306 πω
920 1265 969 1305 ἂν
999 1265 1149 1319 ἐκφύοι]
1196 1265 1373 1305 Etiamsi
1401 1267 1511 1319 forle
1545 1265 1719 1306 nondum
1740 1281 1837 1319 pro-

316 1322 520 1375 yerminet.
554 1323 664 1376 forte
694 1323 836 1362 addidi
868 1327 1041 1376 propter
1070 1321 1318 1376 particulam
1351 1323 1411 1368 ἄν,
1441 1336 1547 1376 quae
1578 1322 1644 1362 1110
1674 1337 1838 1378 quoque

321 1377 534 1418 notionem
577 1379 678 1419 facit
727 1379 1054 1433 hypotheticam.
1130 1378 1329 1427 Subaudi,
1373 1378 1404 1418 si
1446 1379 1596 1432 placet.
1641 1381 1674 1419 εἰ
1713 1381 1835 1432 τύχοι.

321 1433 569 1475 SCHAEF.

380 1491 473 1543 748,
500 1503 563 1531 22.
588 1495 699 1531 τοῦτο
721 1491 861 1545 ποιῶν]
898 1490 1063 1531 Scilicet
1096 1492 1298 1531 καταλύων
1318 1491 1406 1532 τοὺς
1435 1492 1575 1540 νόμους
1604 1492 1664 1531 καὶ
1685 1492 1754 1542 τὴν
1776 1496 1838 1543 δη-

319 1548 545 1597 μοκρατίαν.
588 1547 788 1587 REISK.

381 1614 474 1657 749,
499 1614 536 1656 7.
570 1603 668 1643 τοῦτ’
693 1604 784 1644 αὐτὸ
809 1602 1062 1657 πράττοντες]
1098 1603 1191 1642 Ηο0
1222 1602 1357 1656 ipsum
1388 1603 1618 1652 studentes,
1650 1609 1836 1658 agentes,

320 1659 632 1708 contendentes,
657 1675 737 1713 quo
758 1674 829 1699 vos
851 1660 1020 1699 laedant
1045 1667 1085 1699 et
1108 1659 1317 1699 fraudent.
1361 1659 1553 1699 REISK.

380 1726 473 1769 749,
500 1728 563 1755 21.
595 1718 729 1756 τούτου
760 1733 802 1756 τε
834 1715 1031 1769 κάκείνου]
1068 1715 1140 1755 Ille
1172 1720 1236 1755 est
1266 1715 1537 1765 Timocrates,
1570 1716 1637 1756 1110
1670 1717 1836 1757 Andro-

319 1771 419 1811 tion.
465 1772 658 1812 REISK.

379 1838 472 1880 749,
498 1839 561 1881 25.
586 1828 718 1882 ἐτίθει]
752 1828 1024 1868 Timocrates.
1070 1828 1263 1867 REISK.

381 1894 473 1937 749,
500 1886 563 1923 26.
588 1884 736 1938 ἐκείνῳ]
769 1884 1037 1924 Androtioni.
1082 1884 1275 1924 REISK.

380 1950 475 1992 750,
507 1952 700 1994 2.—752,
732 1953 796 1994 23.
835 1940 929 1980 vid.
962 1946 1105 1980 annot.
1133 1941 1187 1981 ad
1219 1956 1257 1994 p.
1291 1943 1387 1994 607,
1424 1943 1644 1995 25.-—610,
1675 1943 1736 1981 16.
1766 1942 1835 1982 ubi

319 1994 421 2035 haec
450 1995 595 2036 iisdem
620 1999 706 2036 fere
729 1997 865 2036 verbis
897 1997 1106 2051 leguntur.
1154 1997 1385 2038 “Pertinet
1416 1997 1517 2037 haec
1549 1998 1752 2038 tractatio
1781 1999 1837 2038 ad

320 2065 361 2104 p.
392 2063 485 2105 755,
515 2066 553 2105 3.
588 2053 657 2092 ubi
688 2053 823 2092 locum
856 2053 1034 2093 alterum
1065 2054 1115 2093 de
1148 2053 1413 2094 fraudulento
1449 2054 1571 2108 hujus
1605 2054 1836 2109 rogationis

321 2107 492 2147 consilio
513 2108 786 2161 ing1·editur.”
818 2109 1013 2148 REISK.
1050 2110 1098 2148 V.
1123 2110 1178 2149 ad
1199 2125 1238 2163 p.
1259 2111 1351 2162 758,
1375 2122 1435 2150 22.

379 2174 472 2216 750.
495 2175 534 2216 5.
558 2164 688 2214 αὐτοῦ]
727 2164 1015 2204 Androtionis.
1058 2165 1251 2205 REISK.

376 2220 528 2270 τούτου]
566 2220 830 2260 Timocratis.
876 2220 1069 2260 REISK.

380 2285 555 2328 752,12.
589 2277 930 2316 ὅτι-ὑπεύθυνόν
963 2277 1064 2329 ἐστι]
1116 2277 1182 2316 Ex
1214 2278 1253 2317 11.
1281 2277 1305 2317 l.
1337 2278 1496 2317 Anecd.
1529 2278 1660 2319 Bekk.
1683 2294 1722 2332 p.
1743 2290 1834 2332 177,

322 2331 388 2371 26.
421 2330 555 2371 citant
591 2331 718 2372 haec:
759 2333 816 2372 ὅτι
852 2333 895 2371 τὸ
933 2337 1043 2382 σῶμα
1078 2337 1154 2372 τῶν
1190 2334 1430 2385 ἀδικημάτων
1464 2336 1681 2375 ὑπεύθυνόν
1716 2337 1834 2376 ἐστιν.

321 2386 572 2426 SCHAEF.

321 2453 472 2538 Fg52,
494 2454 555 2497 15.
574 2445 946 2498 τοῖς-ἐλευθέροις]
976 2444 1174 2485 Dativum
1191 2445 1306 2486 dicas
1326 2445 1587 2487 incommodi.
1621 2447 1835 2488 SCHAE-

381 2564 474 2606 752,
494 2567 557 2595 20.
582 2555 643 2594 ἐπὶ
664 2555 880 2610 χρήμασιν]
916 2557 1101 2596 Subaudi
1125 2562 1277 2599 κοινοῖς.
1333 2558 1514 2613 Propter
1534 2574 1604 2600 aes
1626 2559 1835 2613 publicum

320 2609 421 2663 reip.
445 2611 631 2651 debitum
654 2611 737 2651 sive
759 2626 809 2652 ex
840 2613 996 2653 mulcta
1025 2613 1109 2653 litis
1139 2614 1365 2668 cujusdam,
1389 2630 1470 2668 qua
1497 2615 1726 2664 cecidisset,
1750 2616 1835 2656 sive

321 2680 372 2705 ex
393 2667 598 2719 peculatu.
652 2667 840 2721 Opponit
859 2683 930 2708 aes
951 2669 1161 2723 publicum
1183 2670 1359 2724 privato.
1423 2671 1561 2712 Multo
1583 2676 1647 2712 est
1667 2672 1834 2726 gravius

319 2721 456 2762 aliena
493 2723 600 2763 nolle
634 2724 808 2764 reddere
840 2739 965 2778 quam
996 2725 1103 2765 nolle
1139 2727 1190 2766 de
1223 2727 1308 2766 suis
1340 2727 1514 2780 privatis
1545 2741 1615 2768 aes
1646 2728 1835 2768 debitum

319 2778 521 2818 reddere:
556 2779 688 2820 multo
716 2779 882 2834 turpius
913 2782 965 2821 ob
993 2782 1233 2835 peculatum
1264 2783 1373 2823 necti
1406 2798 1530 2837 quam
1560 2789 1734 2837 propter
1763 2798 1834 2824 no-

320 2847 414 2872 men
436 2834 632 2887 privatim
653 2841 918 2876 contractum
940 2838 1045 2887 duci,
1069 2839 1179 2891 quod
1210 2853 1284 2892 per
1303 2839 1518 2893 angustias
1539 2840 1598 2880 rei
1619 2840 1833 2881 familiaris

321 2888 475 2929 diluere
496 2905 690 2944 nequeas.
732 2891 925 2932 REISK.

380 2954 473 2997 752,
498 2949 562 2986 26.
583 2947 785 2997 μὴ-ἆλὶῢ
803 2949 906 3001 οὐδὲ]
945 2949 993 2987 In
1025 2949 1098 2989 tali
1128 2950 1303 2991 formula
1334 2958 1427 3005 post
1459 2952 1509 3002 μὴ
1534 2952 1619 2992 fere
1646 2951 1834 3007 sequitur
