1997 3256
327 144 409 187 776
908 144 971 184 IN
1005 144 1254 184 MIDIAM.

386 249 537 289 Restat
568 253 615 288 ut
646 248 781 289 dicam
813 249 864 288 de
894 249 995 304 legis
1027 249 1245 303 particula,
1269 263 1394 302 quam
1425 248 1558 296 aiunt,
1590 247 1837 288 Aeschinen..

329 305 436 344 Nolo
458 305 629 344 nimium
650 319 738 345 esse
766 305 958 358 suspicax
987 319 1121 358 neque
1143 305 1313 345 dubium
1334 319 1498 344 movere
1519 304 1570 344 de
1591 304 1727 344 verbis
1749 321 1840 355 γρα-

328 361 462 412 φέσθω
485 363 504 400 ὁ
528 363 655 412 κύριος
676 364 742 400 τοῦ
768 362 916 403 παιδός.
979 360 1089 401 Nam
1111 376 1216 414 quae
1241 361 1369 400 habet
1392 360 1622 400 Aeschines
1644 376 1684 414 p.
1709 373 1748 414 3,
1774 365 1838 400 26.

328 417 477 456 ἐνταῦθ’
503 419 523 456 ὁ
556 417 762 467 νομοθέτης
796 418 900 456 οὔπω
933 417 1157 468 διαλέγεται
1188 418 1286 470 αὐτῷ
1319 419 1369 470 τῷ
1407 418 1553 466 σώματι
1588 420 1655 455 τοῦ
1691 416 1838 461 παιδὸς,

326 475 432 512 ἀλλὰ
460 477 539 514 τοῖς
566 475 653 523 περὶ
680 473 749 512 τὸν
770 476 901 518 παῖδα,
925 473 1053 523 πατρὶ,
1078 474 1251 526 ἀδελφῷ,
1277 473 1480 525 ἐπιτρόπῳ,
1506 473 1751 513 διδασκάλοις
1780 473 1842 511 καὶ

327 531 428 570 ὅλως
449 533 528 570 τοῖς
555 530 705 579 κυρίοις,
728 529 805 582 ipsi
834 528 961 568 tribui
990 537 1166 582 possunt
1188 529 1314 568 verba
1345 527 1447 582 legis
1476 527 1773 581 interpretanti
1799 532 1842 567 et

323 599 413 624 reni
441 585 623 625 oratorie
652 585 936 638 amplificanti.
997 586 1061 624 At.
1083 599 1188 638 quae
1214 589 1457 638 sequuntur,
1480 582 1508 637 ᾦ
1530 584 1577 623 ἂν
1599 584 1642 622 τὸ
1665 583 1841 633 δικαστή-

324 658 409 691 ριον
447 644 741 695 καταψηφισθῇ,
780 646 867 681 tam
906 646 1106 694 corrupta
1141 646 1250 689 sunt,
1285 646 1333 680 nt
1368 639 1532 680 restitui
1570 639 1636 679 vix
1670 644 1838 693 queant.

328 697 484 736 Mmtis
514 712 672 750 poenae
703 697 956 737 mentionem
986 702 1160 750 propte1
1188 697 1229 736 id
1258 697 1368 750 quod
1396 695 1597 749 sequitur,
1627 697 1696 735 ἐὰν
1718 698 1759 734 δὲ
1789 697 1842 737 εἰς

326 754 508 804 ἀργύριον
532 753 628 804 (sic)
655 753 1258 817 καταψηφισθη,1166656111111111
1289 766 1377 792 esse
1404 753 1492 805 jam
1519 751 1559 791 S.
1585 751 1752 791 Petitus
1783 751 1842 790 in-

325 809 511 854 tellexit;
545 809 798 863 reliquorum
831 810 1094 862 conjecturas
1122 809 1199 849 11(1.
1225 809 1336 862 apud
1366 808 1414 847 F.
1439 807 1671 847 Frankium
1703 807 1744 846 111
1775 807 1840 847 6(1.

326 864 599 905 Timarcheae
624 880 662 918 p.
691 879 749 915 19.
812 865 1054 905 inauditum
1087 880 1211 919 porro
1244 871 1285 905 et
1318 879 1488 918 plorsus
1520 863 1732 918 sinoulale
1763 868 1840 909 est,

324 921 435 973 quod
456 935 565 969 mox,
589 921 653 961 cui
683 921 840 961 mulcta
862 921 986 969 dicta,
1011 936 1102 961 eam
1124 921 1280 961 solvere
1307 921 1481 974 jubetur
1509 920 1620 960 intra
1650 919 1842 959 undecim

323 976 422 1022 dies,
457 977 489 1016 si
525 992 606 1017 non
643 977 776 1030 possit
811 977 930 1017 illico.
994 978 1102 1017 Nam
1135 977 1347 1017 fiscalibus
1381 976 1641 1016 debitoribus
1672 975 1842 1028 reliquis

323 1033 519 1072 omnibus
541 1033 859 1079 concedebatur,
884 1040 930 1073 ut
953 1033 1064 1073 intra.
1092 1048 1245 1073 nonam
1274 1033 1511 1087 prytaniam
1533 1038 1647 1072 certe
1668 1031 1762 1071 inde
1787 1033 1842 1071 ab

323 1103 371 1128 eo
398 1089 475 1136 (116,
500 1104 581 1142 quo
611 1089 762 1129 aerarii
791 1089 1000 1129 debitores
1032 1090 1131 1130 facti
1163 1095 1318 1137 essent,
1340 1089 1527 1129 debitum
1559 1089 1776 1135 solverent,
1799 1088 1842 1127 id

323 1145 434 1197 quod
462 1145 515 1185 ab
539 1145 702 1184 Andoc.
727 1160 784 1184 or.
811 1145 844 1184 I.
869 1160 908 1198 p.
932 1159 990 1192 16,
1015 1159 1063 1197 ¹4
1099 1145 1352 1185 affirmatum
1384 1145 1509 1184 solius
1541 1149 1710 1184 nostrae
1741 1144 1843 1198 legis

323 1201 494 1254 ejusque
529 1201 707 1241 ficticiae
743 1215 891 1241 caussa
928 1216 1081 1255 negaie
1117 1216 1199 1241 non
1238 1203 1419 1241 debebat
1455 1200 1639 1240 Meierus
1671 1201 1711 1239 d.
1744 1201 1841 1239 bon.

322 1257 460 1297 damn.
482 1272 522 1310 p.
544 1261 633 1310 138.
694 1257 794 1297 ,111111
817 1257 911 1297 11116
931 1264 973 1297 et
999 1257 1208 1298 11(1111111116
1236 1258 1447 1311 ingentem
1478 1256 1579 1310 legis
1605 1256 1840 1310 benignita·

322 1318 409 1353 tem
434 1319 563 1367 atque
588 1313 896 1360 liberalitatem
921 1328 1026 1367 quae
1054 1328 1129 1367 per
1156 1318 1271 1353 totos
1279 1292 1442 1354 ἐξ(1666111
1469 1313 1556 1352 dies
1577 1289 1725 1352 debiti:
1736 1312 1842 1352 solu-

321 1369 479 1409 tionem
514 1369 730 1409 remittele
767 1384 848 1409 non
886 1370 1108 1410 dubitavit.
1178 1370 1383 1409 Nimhum
1419 1369 1636 1408 undecimo
1671 1369 1758 1408 fore
1794 1373 1843 1409 ut

322 1425 520 1466 solvendo
542 1431 663 1473 esset,
686 1426 755 1479 qui
777 1426 911 1479 primo
933 1441 1015 1466 non
1036 1426 1196 1475 fuisset,
1219 1426 1339 1466 facile
1362 1425 1519 1479 sperari
1542 1425 1693 1478 potuit.
1756 1424 1842 1465 De-

321 1482 447 1535 nique
478 1482 519 1521 in
552 1482 736 1522 clausula
766 1482 867 1536 legis
891 1483 1044 1535 (ἔνοχοι
1070 1485 1111 1522 δὲ
1141 1483 1321 1522 ἔστωσαν
1341 1485 1476 1522 ταῖσδε
1498 1486 1580 1522 ταῖς
1610 1482 1748 1523 αἰτίαις
1779 1482 1842 1521 καὶ

321 1541 358 1578 οἳ
395 1540 448 1580 εἰς
484 1541 531 1578 τὰ
567 1540 736 1578 οἰκετικὰ
773 1539 932 1588 σώματα
973 1538 1328 1589 ἐξαμαρτάνοντες)
1366 1537 1630 1592 grammatici
1671 1551 1841 1577 manum

321 1594 482 1635 redolet
514 1596 663 1641 αἰτίαις,
695 1595 928 1648 docentque
959 1594 1087 1648 ipsius
1119 1594 1299 1635 oratoris
1321 1595 1448 1634 verba
1470 1608 1576 1647 quae
1608 1598 1842 1647 sequuntur

319 1666 359 1704 p.
383 1664 421 1704 3,
449 1663 526 1699 20„
550 1653 642 1692 ἴσως
664 1651 712 1690 ἂν
735 1652 803 1690 οὖν
825 1667 880 1692 τις
901 1651 1139 1700 θαυμάσειεν
1163 1653 1348 1702 ἐξαίφνης
1370 1652 1552 1697 ἀκούσας,
1573 1651 1608 1688 τὶ
1631 1650 1675 1699 δή
1696 1651 1781 1689 ‘nor'
1799 1651 1841 1689 ἐν

321 1709 372 1761 τῷ
400 1708 503 1760 νόμῳ
532 1707 582 1760 τῷ
609 1710 675 1756 τῆς
700 1709 851 1756 ὕβρεως
879 1707 1138 1758 προσεγράφη
1164 1711 1275 1746 τοῦτο
1304 1708 1347 1746 τὸ
1375 1709 1488 1757 ῥῆμα,
1512 1707 1554 1745 τὸ
1577 1710 1651 1745 τῶν
1673 1708 1838 1751 δούλων,

320 1769 395 1803 aut
427 1763 529 1803 haec
561 1763 686 1803 verba
718 1763 897 1802 scribam
928 1777 1011 1802 11011
1042 1762 1292 1810 recstavisse,
1325 1768 1412 1810 aut,
1446 1763 1479 1802 si
1510 1762 1691 1816 genuina
1728 1767 1838 1810 sunt,

320 1834 402 1859 non
429 1833 520 1859 eam
549 1820 679 1858 solam
701 1824 814 1859 certe
836 1834 960 1872 quam
982 1834 1071 1859 esse
1092 1819 1234 1859 volunt
1264 1819 1366 1874 leeris
1388 1819 1438 1859 de
1467 1818 1628 1872 injuriis
1656 1818 1840 1872 particu-

320 1876 414 1916 lam.
447 1875 505 1914 V
512 1875 898 1915 ESTERMANN.

380 1932 505 1972 Hanc
528 1946 690 1985 quoque
704 1932 836 1985 legem
857 1936 1070 1984 utcunque
1089 1931 1273 1971 defendit
1293 1930 1532 1971 Voemelius
1556 1931 1786 1971 Connnent
1797 1944 1837 1984 5.

321 2003 358 2041 p.
390 2002 439 2040 14
460 2003 550 2041 sqq
569 1994 611 2028 et
631 1988 674 2028 O.
702 1988 749 2027 F.
776 1988 1075 2027 Hellnannus
1066 2003 1107 2026 m
1127 1987 1572 2041 5x111bol1zadp.523‚
1600 2000 1631 2026 1.
1655 1987 1809 2027 citatis.

384 2055 480 2097 529,
510 2057 571 2095 13,.
607 2045 768 2096 ὑβρισῃ]
821 2044 942 2094 Quod
979 2044 1020 2082 in
1056 2044 1268 2084 codicibus
1303 2043 1511 2097 plelisque
1547 2043 1738 2084 omnibus
1774 2048 1839 2083 est

318 2101 454 2154 ὑβρίζῃ
476 2115 500 2140 a
517 2077 709 2139 Bekkero
730 2100 963 2152 praelatum
985 2100 1171 2153 priorum
1193 2099 1422 2140 editionum
1445 2099 1676 2153 scripturae
1694 2101 1839 2151 ὑβρίσῃ

320 2155 449 2196 habet
472 2155 598 2195 etiam
618 2169 792 2209 gramm.
817 2155 858 2194 in
882 2155 1012 2195 Bekk.
1039 2157 1202 2195 Anecd.
1225 2171 1264 2209 p.
1289 2159 1376 2207 176,
1403 2158 1466 2194 26.

377 2224 474 2264 529,
499 2212 557 2251 18.
580 2213 637 2252 οἶς
660 2211 802 2264 ἔξεστι]
837 2211 930 2250 Non
953 2211 1069 2251 licuit
1091 2216 1171 2253 τοῖς
1192 2213 1354 2261 ἀτίμοις.
1398 2211 1651 2252 SCHAEF.

377 2268 580 2316 τριάκοντα
601 2267 769 2320 ἡμερῶν]
808 2267 915 2309 ἐντὸς
937 2268 1141 2318 τριάκοντα
1168 2269 1331 2319 ἡμερῶν,
1356 2268 1445 2307 cod.
1472 2267 1658 2307 Italicus.
1693 2267 1838 2306 TAY-

323 2324 450 2364 LOR.
512 2324 620 2365 ἐντὸς
651 2323 749 2362 11111(1
782 2323 959 2363 debetur
992 2323 1289 2377 interpretanti
1323 2324 1495 2378 perinde
1516 2329 1562 2364 ut
1585 2339 1625 2377 p.
1649 2336 1743 2375 720,
1770 2337 1835 2377 25.

322 2381 503 2434 Tempus
535 2380 654 2426 6111111,
678 2379 789 2419 intra.
813 2380 922 2432 quod
954 2380 1111 2434 aliquid
1142 2381 1198 2420 fit.
1222 2386 1336 2420 recte
1367 2380 1576 2420 indicatur
1608 2380 1695 2420 solo
1725 2379 1838 2434 geni—

319 2437 430 2478 tivo:
468 2436 578 2489 quod
615 2435 850 2475 Boeckhius
888 2436 1052 2476 videtur
1093 2436 1365 2477 addubitasse
1399 2437 1449 2476 de
1487 2437 1639 2476 Oecon.
1678 2436 1836 2476 Athen.

321 2495 397 2534 vol.
430 2506 464 2532 2.
493 2508 532 2546 p.
563 2505 656 2533 201.
717 2493 938 2534 Εὐβοεῦσιν
974 2493 1124 2544 ἡμερῶν
1159 2497 1272 2543 τριῶν
1309 2492 1553 2543 ἐβοηθήσατε
1583 2508 1623 2546 p.
1652 2493 1836 2546 597,18.

323 2549 573 2619 SCHAEF.

376 2605 581 2656 τριάκοντα
611 2606 772 2655 ἡμερῶι,
805 2603 872 2674 ἀφ
894 2604 939 2653 ἡς
970 2604 1017 2644 ἂν
1043 2605 1065 2653 ἡ
1096 2604 1242 2658 γραφη]
1277 2604 1404 2644 Ρ16116
1432 2604 1558 2644 Plato
1584 2604 1835 2657 Leg.11.p.

320 2677 400 2717 915
431 2661 540 2701 HSt.
567 2666 590 2716 η
619 2661 666 2700 ἱιν
696 2664 808 2699 τοῦτο
834 2660 955 2713 ἡμέρα
986 2677 1157 2711 γενηται.
1187 2661 1391 2711 τριάκοιτα
1421 2661 1571 2710 ἡμερῶν
1593 2661 1668 2699 ἀπὸ
1697 2661 1837 2709 ταύτης

319 2738 384 2770 της
418 2735 560 2768 ημερας
593 2718 733 2756 λαβὼν
762 2717 883 2756 ἀπίτω
911 2719 959 2756 τὰ
989 2719 1138 2756 ἑαυτου.
1175 2717 1432 2757 SCHAEF.
1496 2716 1559 2755 De
1592 2715 1658 2755 die
1693 2719 1835 2755 autem

320 2774 534 2830 trigesimo
556 2774 609 2812 ab
632 2772 830 2812 instituta
851 2771 1026 2819 actione,
1050 2772 1119 2825 qui
1141 2773 1193 2812 ad
1217 2787 1385 2812 caussas
1407 2771 1623 2825 plerasque
1656 2771 1697 2810 in
1724 2771 1835 2824 judi-

321 2833 383 2872 cio
416 2830 595 2870 mandas
632 2833 674 2868 et
705 2828 993 2881 dijudicandas
1034 2828 1317 2881 praesoliptus
1348 2827 1427 2868 fuit
1462 2827 1637 2881 ideoque
1670 2829 1692 2877 ἡ
1727 2829 1836 2878 κυρία

323 2884 846 2935 (Ἡρώων.81110611131111.
873 2884 1113 2924 Proc.A.tt
1137 2899 1176 2937 p.
1201 2887 1279 2936 693
1305 2899 1365 2938 sq.

375 2956 472 2997 529,
498 2955 561 2982 20.
585 2943 618 2980 εἰ
639 2942 680 2979 δὲ
700 2940 769 2992 μὴ]
811 2940 844 2979 Ι.
873 2954 906 2979 e.
931 2940 963 2980 si
986 2954 1081 2979 vero
1104 2939 1202 2993 quid
1225 2940 1436 2994 impediat.
1484 2939 1710 2979 BUTTM.
