<?xml version="1.0" encoding="UTF-8"?>
<!DOCTYPE html PUBLIC "-//W3C//DTD XHTML 1.0 Transitional//EN"
    "http://www.w3.org/TR/xhtml1/DTD/xhtml1-transitional.dtd">
<html xmlns="http://www.w3.org/1999/xhtml" xml:lang="en" lang="en">
 <head>
  <title>
</title>
<meta http-equiv="Content-Type" content="text/html;charset=utf-8" />
  <meta name='ocr-system' content='tesseract 3.04.00' />
  <meta name='ocr-capabilities' content='ocr_page ocr_carea ocr_par ocr_line ocrx_word'/>
</head>
<body>
  <div class='ocr_page' id='page_1' title='image "./operaexrecension06demouoft/operaexrecension06demouoft_0148.png"; bbox 0 0 1997 3256; ppageno 0'>
   <div class='ocr_carea' id='block_1_1' title="bbox 337 168 1547 213">
    <p class='ocr_par' dir='ltr' id='par_1_1' title="bbox 337 168 1547 213">
     <span class='ocr_line' id='line_1_1' title="bbox 337 168 1547 213; baseline -0.002 -2"><span class='ocrx_word' id='word_1_1' title='bbox 337 171 419 213; x_wconf 73' lang='lat'>734</span> <span class='ocrx_word' id='word_1_2' title='bbox 638 169 679 210; x_wconf 77' lang='lat' dir='ltr'>C.</span> <span class='ocrx_word' id='word_1_3' title='bbox 707 169 756 209; x_wconf 88' lang='lat' dir='ltr'>F.</span> <span class='ocrx_word' id='word_1_4' title='bbox 782 168 1114 208; x_wconf 80' lang='lat' dir='ltr'><strong>HERMANNI</strong></span> <span class='ocrx_word' id='word_1_5' title='bbox 1149 168 1547 209; x_wconf 75' lang='lat' dir='ltr'><strong>DISSERTATIO</strong></span> 
     </span>
    </p>
   </div>
   <div class='ocr_carea' id='block_1_2' title="bbox 305 271 1866 2612">
    <p class='ocr_par' dir='ltr' id='par_1_2' title="bbox 305 271 1866 2612">
     <span class='ocr_line' id='line_1_2' title="bbox 334 271 1853 325; baseline -0.001 -11"><span class='ocrx_word' id='word_1_6' title='bbox 334 274 388 314; x_wconf 89' lang='lat' dir='ltr'>ad</span> <span class='ocrx_word' id='word_1_7' title='bbox 421 287 515 313; x_wconf 88' lang='lat' dir='ltr'>eum</span> <span class='ocrx_word' id='word_1_8' title='bbox 543 286 698 312; x_wconf 86' lang='lat' dir='ltr'>annum</span> <span class='ocrx_word' id='word_1_9' title='bbox 731 271 965 325; x_wconf 81' lang='lat' dir='ltr'>pervenisse</span> <span class='ocrx_word' id='word_1_10' title='bbox 993 272 1195 318; x_wconf 82' lang='lat' dir='ltr'>videatur,</span> <span class='ocrx_word' id='word_1_11' title='bbox 1225 272 1258 311; x_wconf 90' lang='lat' dir='ltr'>si</span> <span class='ocrx_word' id='word_1_12' title='bbox 1292 272 1458 325; x_wconf 88' lang='lat' dir='ltr'>quidem</span> <span class='ocrx_word' id='word_1_13' title='bbox 1491 275 1701 312; x_wconf 87' lang='lat' dir='ltr'>orat-orem</span> <span class='ocrx_word' id='word_1_14' title='bbox 1733 272 1853 313; x_wconf 83' lang='lat' dir='ltr'>Calli—</span> 
     </span>
     <span class='ocr_line' id='line_1_3' title="bbox 333 327 1854 380; baseline 0.001 -13"><span class='ocrx_word' id='word_1_15' title='bbox 333 329 482 369; x_wconf 99' lang='lat' dir='ltr'>macho</span> <span class='ocrx_word' id='word_1_16' title='bbox 514 328 716 368; x_wconf 74' lang='lat' dir='ltr'>archonte</span> <span class='ocrx_word' id='word_1_17' title='bbox 753 328 816 367; x_wconf 91' lang='lat' dir='ltr'>Ol.</span> <span class='ocrx_word' id='word_1_18' title='bbox 848 339 943 378; x_wconf 86' lang='grc'><strong>107,</strong></span> <span class='ocrx_word' id='word_1_19' title='bbox 964 343 1003 378; x_wconf 81' lang='lat'>4.</span> <span class='ocrx_word' id='word_1_20' title='bbox 1036 341 1117 380; x_wconf 88' lang='lat' dir='ltr'>quo</span> <span class='ocrx_word' id='word_1_21' title='bbox 1148 341 1258 367; x_wconf 89' lang='lat' dir='ltr'>anno</span> <span class='ocrx_word' id='word_1_22' title='bbox 1291 327 1510 380; x_wconf 76' lang='lat' dir='ltr'>Olynthias</span> <span class='ocrx_word' id='word_1_23' title='bbox 1541 327 1752 368; x_wconf 90' lang='lat' dir='ltr'>orationes</span> <span class='ocrx_word' id='word_1_24' title='bbox 1782 328 1854 368; x_wconf 87' lang='lat' dir='ltr'>ha-</span> 
     </span>
     <span class='ocr_line' id='line_1_4' title="bbox 334 381 1851 436; baseline 0 -13"><span class='ocrx_word' id='word_1_25' title='bbox 334 383 484 432; x_wconf 88' lang='lat' dir='ltr'>buerit,</span> <span class='ocrx_word' id='word_1_26' title='bbox 508 383 731 436; x_wconf 87' lang='lat' dir='ltr'>septimum</span> <span class='ocrx_word' id='word_1_27' title='bbox 753 387 793 422; x_wconf 89' lang='lat' dir='ltr'>et</span> <span class='ocrx_word' id='word_1_28' title='bbox 820 381 1081 436; x_wconf 89' lang='lat' dir='ltr'>trigesimum</span> <span class='ocrx_word' id='word_1_29' title='bbox 1108 397 1263 422; x_wconf 89' lang='lat' dir='ltr'>annum</span> <span class='ocrx_word' id='word_1_30' title='bbox 1284 383 1417 436; x_wconf 88' lang='lat' dir='ltr'>egisse</span> <span class='ocrx_word' id='word_1_31' title='bbox 1445 383 1649 430; x_wconf 43' lang='lat' dir='ltr'>statuit&amp;</span> <span class='ocrx_word' id='word_1_32' title='bbox 1685 384 1796 436; x_wconf 87' lang='lat' dir='ltr'>quod</span> <span class='ocrx_word' id='word_1_33' title='bbox 1818 383 1851 423; x_wconf 90' lang='lat' dir='ltr'>si</span> 
     </span>
     <span class='ocr_line' id='line_1_5' title="bbox 334 437 1853 492; baseline 0 -14"><span class='ocrx_word' id='word_1_34' title='bbox 334 439 457 492; x_wconf 89' lang='lat' dir='ltr'>hujus</span> <span class='ocrx_word' id='word_1_35' title='bbox 493 439 628 492; x_wconf 88' lang='lat' dir='ltr'>major</span> <span class='ocrx_word' id='word_1_36' title='bbox 660 453 784 492; x_wconf 88' lang='lat' dir='ltr'>quam</span> <span class='ocrx_word' id='word_1_37' title='bbox 818 438 1037 477; x_wconf 77' lang='lat' dir='ltr'>Plutarchi</span> <span class='ocrx_word' id='word_1_38' title='bbox 1071 442 1113 477; x_wconf 87' lang='lat' dir='ltr'>et-</span> <span class='ocrx_word' id='word_1_39' title='bbox 1147 437 1268 477; x_wconf 78' lang='lat' dir='ltr'>Gellii</span> <span class='ocrx_word' id='word_1_40' title='bbox 1302 438 1534 478; x_wconf 84' lang='lat' dir='ltr'>auctoritas</span> <span class='ocrx_word' id='word_1_41' title='bbox 1566 452 1655 478; x_wconf 88' lang='lat' dir='ltr'>esse</span> <span class='ocrx_word' id='word_1_42' title='bbox 1688 439 1853 487; x_wconf 88' lang='lat' dir='ltr'>debeat,</span> 
     </span>
     <span class='ocr_line' id='line_1_6' title="bbox 334 493 1855 547; baseline 0 -14"><span class='ocrx_word' id='word_1_43' title='bbox 334 509 418 534; x_wconf 90' lang='grc'><strong>11011</strong></span> <span class='ocrx_word' id='word_1_44' title='bbox 446 494 527 534; x_wconf 91' lang='lat' dir='ltr'>erit</span> <span class='ocrx_word' id='word_1_45' title='bbox 557 508 631 533; x_wconf 89' lang='lat' dir='ltr'>cur</span> <span class='ocrx_word' id='word_1_46' title='bbox 660 493 838 547; x_wconf 87' lang='lat' dir='ltr'>amplius</span> <span class='ocrx_word' id='word_1_47' title='bbox 866 493 1044 533; x_wconf 85' lang='lat' dir='ltr'>calculos</span> <span class='ocrx_word' id='word_1_48' title='bbox 1070 498 1237 533; x_wconf 90' lang='lat' dir='ltr'>nostros</span> <span class='ocrx_word' id='word_1_49' title='bbox 1267 498 1473 533; x_wconf 86' lang='lat' dir='ltr'>tueamur.</span> <span class='ocrx_word' id='word_1_50' title='bbox 1535 494 1597 533; x_wconf 83' lang='lat' dir='ltr'>At</span> <span class='ocrx_word' id='word_1_51' title='bbox 1626 494 1733 533; x_wconf 90' lang='lat' dir='ltr'>enim</span> <span class='ocrx_word' id='word_1_52' title='bbox 1763 494 1855 547; x_wconf 89' lang='lat' dir='ltr'>quis</span> 
     </span>
     <span class='ocr_line' id='line_1_7' title="bbox 334 549 1855 602; baseline 0.001 -13"><span class='ocrx_word' id='word_1_53' title='bbox 334 550 506 590; x_wconf 88' lang='lat' dir='ltr'>tandem</span> <span class='ocrx_word' id='word_1_54' title='bbox 527 549 591 589; x_wconf 88' lang='lat' dir='ltr'>ille</span> <span class='ocrx_word' id='word_1_55' title='bbox 613 555 762 589; x_wconf 78' lang='lat' dir='ltr'>auctor</span> <span class='ocrx_word' id='word_1_56' title='bbox 782 553 858 597; x_wconf 84' lang='lat' dir='ltr'>est,</span> <span class='ocrx_word' id='word_1_57' title='bbox 881 549 947 588; x_wconf 92' lang='lat' dir='ltr'>cui</span> <span class='ocrx_word' id='word_1_58' title='bbox 969 554 1136 589; x_wconf 79' lang='lat' dir='ltr'>tantuin</span> <span class='ocrx_word' id='word_1_59' title='bbox 1160 549 1322 602; x_wconf 89' lang='lat' dir='ltr'>pondus</span> <span class='ocrx_word' id='word_1_60' title='bbox 1343 554 1491 589; x_wconf 88' lang='lat' dir='ltr'>contra</span> <span class='ocrx_word' id='word_1_61' title='bbox 1519 549 1622 588; x_wconf 90' lang='lat' dir='ltr'>duos</span> <span class='ocrx_word' id='word_1_62' title='bbox 1652 550 1855 602; x_wconf 87' lang='lat' dir='ltr'>probatae</span> 
     </span>
     <span class='ocr_line' id='line_1_8' title="bbox 336 604 1855 659; baseline -0.001 -14"><span class='ocrx_word' id='word_1_63' title='bbox 336 605 566 646; x_wconf 78' lang='lat' dir='ltr'>industriae</span> <span class='ocrx_word' id='word_1_64' title='bbox 599 605 823 659; x_wconf 76' lang='lat' dir='ltr'>scriptores</span> <span class='ocrx_word' id='word_1_65' title='bbox 857 604 1114 645; x_wconf 63' lang='lat' dir='ltr'>tribuamus?</span> <span class='ocrx_word' id='word_1_66' title='bbox 1153 605 1297 658; x_wconf 84' lang='lat' dir='ltr'>Ipsum</span> <span class='ocrx_word' id='word_1_67' title='bbox 1329 605 1617 653; x_wconf 77' lang='lat' dir='ltr'>Plutarchum,</span> <span class='ocrx_word' id='word_1_68' title='bbox 1650 605 1720 659; x_wconf 91' lang='lat' dir='ltr'>qui</span> <span class='ocrx_word' id='word_1_69' title='bbox 1757 605 1855 645; x_wconf 89' lang='lat' dir='ltr'>olim</span> 
     </span>
     <span class='ocr_line' id='line_1_9' title="bbox 335 660 1855 714; baseline -0.001 -12"><span class='ocrx_word' id='word_1_70' title='bbox 335 662 596 709; x_wconf 70' lang='lat' dir='ltr'>credebatur,</span> <span class='ocrx_word' id='word_1_71' title='bbox 630 676 712 700; x_wconf 89' lang='lat' dir='ltr'>non</span> <span class='ocrx_word' id='word_1_72' title='bbox 748 675 851 710; x_wconf 91' lang='lat' dir='ltr'>esse,</span> <span class='ocrx_word' id='word_1_73' title='bbox 884 675 992 700; x_wconf 89' lang='lat' dir='ltr'>nunc</span> <span class='ocrx_word' id='word_1_74' title='bbox 1026 660 1129 701; x_wconf 86' lang='lat' dir='ltr'>satis</span> <span class='ocrx_word' id='word_1_75' title='bbox 1162 661 1381 707; x_wconf 72' lang='lat' dir='ltr'>0011stath3</span> <span class='ocrx_word' id='word_1_76' title='bbox 1416 666 1544 714; x_wconf 86' lang='lat' dir='ltr'>utque</span> <span class='ocrx_word' id='word_1_77' title='bbox 1579 661 1752 714; x_wconf 86' lang='lat' dir='ltr'>perinde</span> <span class='ocrx_word' id='word_1_78' title='bbox 1789 661 1855 709; x_wconf 87' lang='lat' dir='ltr'>sit,</span> 
     </span>
     <span class='ocr_line' id='line_1_10' title="bbox 336 716 1856 772; baseline -0.001 -15"><span class='ocrx_word' id='word_1_79' title='bbox 336 731 418 772; x_wconf 88' lang='lat' dir='ltr'>quo</span> <span class='ocrx_word' id='word_1_80' title='bbox 441 717 606 757; x_wconf 90' lang='lat' dir='ltr'>nomine</span> <span class='ocrx_word' id='word_1_81' title='bbox 625 716 764 764; x_wconf 86' lang='lat' dir='ltr'>fuerit,</span> <span class='ocrx_word' id='word_1_82' title='bbox 785 717 910 756; x_wconf 89' lang='lat' dir='ltr'>modo</span> <span class='ocrx_word' id='word_1_83' title='bbox 939 722 1098 756; x_wconf 86' lang='lat' dir='ltr'>certam</span> <span class='ocrx_word' id='word_1_84' title='bbox 1120 721 1162 756; x_wconf 90' lang='lat' dir='ltr'>et</span> <span class='ocrx_word' id='word_1_85' title='bbox 1191 716 1475 769; x_wconf 79' lang='lat' dir='ltr'>incorruptam</span> <span class='ocrx_word' id='word_1_86' title='bbox 1503 716 1629 756; x_wconf 90' lang='lat' dir='ltr'>fidem</span> <span class='ocrx_word' id='word_1_87' title='bbox 1656 722 1856 769; x_wconf 83' lang='lat' dir='ltr'>praestet,</span> 
     </span>
     <span class='ocr_line' id='line_1_11' title="bbox 335 772 1857 827; baseline 0 -15"><span class='ocrx_word' id='word_1_88' title='bbox 335 773 447 813; x_wconf 91' lang='lat' dir='ltr'>nullo</span> <span class='ocrx_word' id='word_1_89' title='bbox 468 773 601 827; x_wconf 89' lang='lat' dir='ltr'>magis</span> <span class='ocrx_word' id='word_1_90' title='bbox 622 773 786 812; x_wconf 88' lang='lat' dir='ltr'>nomine</span> <span class='ocrx_word' id='word_1_91' title='bbox 810 773 863 813; x_wconf 86' lang='lat' dir='ltr'>ab</span> <span class='ocrx_word' id='word_1_92' title='bbox 888 772 999 811; x_wconf 90' lang='lat' dir='ltr'>omni</span> <span class='ocrx_word' id='word_1_93' title='bbox 1027 776 1168 812; x_wconf 88' lang='lat' dir='ltr'>aetate</span> <span class='ocrx_word' id='word_1_94' title='bbox 1195 772 1465 826; x_wconf 80' lang='lat' dir='ltr'>impugnatus</span> <span class='ocrx_word' id='word_1_95' title='bbox 1494 777 1571 821; x_wconf 87' lang='lat' dir='ltr'>est,</span> <span class='ocrx_word' id='word_1_96' title='bbox 1595 787 1719 826; x_wconf 88' lang='lat' dir='ltr'>quam</span> <span class='ocrx_word' id='word_1_97' title='bbox 1747 773 1857 826; x_wconf 85' lang='lat' dir='ltr'>quod</span> 
     </span>
     <span class='ocr_line' id='line_1_12' title="bbox 336 828 1858 882; baseline 0 -14"><span class='ocrx_word' id='word_1_98' title='bbox 336 829 554 882; x_wconf 85' lang='lat' dir='ltr'>multiplici</span> <span class='ocrx_word' id='word_1_99' title='bbox 585 843 773 868; x_wconf 83' lang='lat' dir='ltr'>errorum</span> <span class='ocrx_word' id='word_1_100' title='bbox 805 828 996 882; x_wconf 81' lang='lat' dir='ltr'>congerie</span> <span class='ocrx_word' id='word_1_101' title='bbox 1033 833 1172 868; x_wconf 83' lang='lat' dir='ltr'>scatet</span> <span class='ocrx_word' id='word_1_102' title='bbox 1204 842 1338 881; x_wconf 83' lang='lat' dir='ltr'>neque</span> <span class='ocrx_word' id='word_1_103' title='bbox 1369 832 1444 867; x_wconf 88' lang='lat' dir='ltr'>aut</span> <span class='ocrx_word' id='word_1_104' title='bbox 1475 828 1553 868; x_wconf 90' lang='lat' dir='ltr'>sibi</span> <span class='ocrx_word' id='word_1_105' title='bbox 1590 842 1753 881; x_wconf 84' lang='lat' dir='ltr'>semper</span> <span class='ocrx_word' id='word_1_106' title='bbox 1783 833 1858 868; x_wconf 89' lang='lat' dir='ltr'>aut</span> 
     </span>
     <span class='ocr_line' id='line_1_13' title="bbox 336 883 1859 938; baseline -0.001 -13"><span class='ocrx_word' id='word_1_107' title='bbox 336 884 428 925; x_wconf 85' lang='lat' dir='ltr'>aliis</span> <span class='ocrx_word' id='word_1_108' title='bbox 467 885 656 938; x_wconf 84' lang='lat' dir='ltr'>probatis</span> <span class='ocrx_word' id='word_1_109' title='bbox 697 884 877 924; x_wconf 85' lang='lat' dir='ltr'>testibus</span> <span class='ocrx_word' id='word_1_110' title='bbox 918 889 1095 924; x_wconf 85' lang='lat' dir='ltr'>constat.</span> <span class='ocrx_word' id='word_1_111' title='bbox 1171 883 1342 937; x_wconf 78' lang='lat' dir='ltr'>Nempe,</span> <span class='ocrx_word' id='word_1_112' title='bbox 1381 888 1427 923; x_wconf 90' lang='lat' dir='ltr'>ut</span> <span class='ocrx_word' id='word_1_113' title='bbox 1470 883 1681 924; x_wconf 83' lang='lat' dir='ltr'>Schaeferi</span> <span class='ocrx_word' id='word_1_114' title='bbox 1722 884 1859 924; x_wconf 80' lang='lat' dir='ltr'>verbis</span> 
     </span>
     <span class='ocr_line' id='line_1_14' title="bbox 337 940 1861 993; baseline -0.001 -12"><span class='ocrx_word' id='word_1_115' title='bbox 337 945 517 987; x_wconf 88' lang='lat' dir='ltr'>utamur,</span> <span class='ocrx_word' id='word_1_116' title='bbox 556 941 807 980; x_wconf 86' lang='lat' dir='ltr'>censendum</span> <span class='ocrx_word' id='word_1_117' title='bbox 848 944 913 979; x_wconf 87' lang='lat' dir='ltr'>est</span> <span class='ocrx_word' id='word_1_118' title='bbox 953 940 1055 979; x_wconf 75' lang='lat' dir='ltr'>rcitus</span> <span class='ocrx_word' id='word_1_119' title='bbox 1095 940 1222 979; x_wconf 77' lang='lat' dir='ltr'>decem</span> <span class='ocrx_word' id='word_1_120' title='bbox 1262 946 1463 979; x_wconf 74' lang='lat' dir='ltr'>oratorum</span> <span class='ocrx_word' id='word_1_121' title='bbox 1504 953 1579 979; x_wconf 67' lang='lat' dir='ltr'>ozon</span> <span class='ocrx_word' id='word_1_122' title='bbox 1620 940 1739 980; x_wconf 76' lang='lat' dir='ltr'>multo</span> <span class='ocrx_word' id='word_1_123' title='bbox 1769 945 1861 993; x_wconf 75' lang='lat' dir='ltr'>post</span> 
     </span>
     <span class='ocr_line' id='line_1_15' title="bbox 337 995 1861 1049; baseline -0.001 -13"><span class='ocrx_word' id='word_1_124' title='bbox 337 996 528 1049; x_wconf 65' lang='lat' dir='ltr'>Dionysii</span> <span class='ocrx_word' id='word_1_125' title='bbox 559 996 935 1036; x_wconf 74' lang='lat' dir='ltr'>Hulicurnassense&#39;s</span> <span class='ocrx_word' id='word_1_126' title='bbox 963 1001 1127 1035; x_wconf 66' lang='lat' dir='ltr'>aetutem</span> <span class='ocrx_word' id='word_1_127' title='bbox 1160 995 1208 1035; x_wconf 77' lang='lat' dir='ltr'>ab</span> <span class='ocrx_word' id='word_1_128' title='bbox 1239 995 1373 1048; x_wconf 71' lang='lat' dir='ltr'>aliquo</span> <span class='ocrx_word' id='word_1_129' title='bbox 1401 995 1662 1048; x_wconf 66' lang='lat' dir='ltr'>gyrammate‘co</span> <span class='ocrx_word' id='word_1_130' title='bbox 1696 995 1861 1035; x_wconf 73' lang='lat' dir='ltr'>breviter</span> 
     </span>
     <span class='ocr_line' id='line_1_16' title="bbox 337 1051 1861 1106; baseline -0.001 -14"><span class='ocrx_word' id='word_1_131' title='bbox 337 1067 412 1093; x_wconf 80' lang='lat' dir='ltr'>esse</span> <span class='ocrx_word' id='word_1_132' title='bbox 447 1053 664 1106; x_wconf 75' lang='lat' dir='ltr'>descriptas</span> <span class='ocrx_word' id='word_1_133' title='bbox 701 1052 741 1091; x_wconf 74' lang='grc' dir='ltr'>ἱιι</span> <span class='ocrx_word' id='word_1_134' title='bbox 773 1066 884 1092; x_wconf 73' lang='lat' dir='ltr'>usum</span> <span class='ocrx_word' id='word_1_135' title='bbox 920 1065 1065 1100; x_wconf 77' lang='lat' dir='ltr'>eorum,</span> <span class='ocrx_word' id='word_1_136' title='bbox 1091 1052 1161 1105; x_wconf 72' lang='lat' dir='ltr'>qui</span> <span class='ocrx_word' id='word_1_137' title='bbox 1195 1052 1252 1091; x_wconf 74' lang='lat' dir='ltr'>ad</span> <span class='ocrx_word' id='word_1_138' title='bbox 1288 1051 1484 1091; x_wconf 72' lang='lat' dir='ltr'>lectionem</span> <span class='ocrx_word' id='word_1_139' title='bbox 1519 1057 1721 1091; x_wconf 76' lang='lat' dir='ltr'>oratorum</span> <span class='ocrx_word' id='word_1_140' title='bbox 1755 1051 1861 1091; x_wconf 74' lang='lat' dir='ltr'>auti-</span> 
     </span>
     <span class='ocr_line' id='line_1_17' title="bbox 338 1106 1860 1161; baseline -0.001 -13"><span class='ocrx_word' id='word_1_141' title='bbox 338 1122 507 1161; x_wconf 76' lang='lat' dir='ltr'>quorum</span> <span class='ocrx_word' id='word_1_142' title='bbox 538 1108 788 1152; x_wconf 71' lang='lat' dir='ltr'>accederout;</span> <span class='ocrx_word' id='word_1_143' title='bbox 816 1113 912 1161; x_wconf 74' lang='lat' dir='ltr'>post</span> <span class='ocrx_word' id='word_1_144' title='bbox 944 1121 1064 1160; x_wconf 77' lang='lat' dir='ltr'>quum</span> <span class='ocrx_word' id='word_1_145' title='bbox 1093 1107 1137 1146; x_wconf 73' lang='lat' dir='ltr'>iu</span> <span class='ocrx_word' id='word_1_146' title='bbox 1172 1106 1311 1146; x_wconf 75' lang='lat' dir='ltr'>sobolis</span> <span class='ocrx_word' id='word_1_147' title='bbox 1344 1107 1544 1146; x_wconf 68' lang='lat' dir='ltr'>rhetorum</span> <span class='ocrx_word' id='word_1_148' title='bbox 1576 1106 1749 1146; x_wconf 72' lang='lat' dir='ltr'>lectitari</span> <span class='ocrx_word' id='word_1_149' title='bbox 1783 1120 1860 1146; x_wconf 69' lang='lat' dir='ltr'>ozon</span> 
     </span>
     <span class='ocr_line' id='line_1_18' title="bbox 337 1161 1862 1217; baseline -0.001 -13"><span class='ocrx_word' id='word_1_150' title='bbox 337 1164 570 1212; x_wconf 72' lang='lat' dir='ltr'>desinerent,</span> <span class='ocrx_word' id='word_1_151' title='bbox 602 1178 626 1203; x_wconf 79' lang='lat' dir='ltr'>u</span> <span class='ocrx_word' id='word_1_152' title='bbox 659 1162 922 1217; x_wconf 75' lang='lat' dir='ltr'>compluribus</span> <span class='ocrx_word' id='word_1_153' title='bbox 952 1162 1174 1203; x_wconf 71' lang='lat' dir='ltr'>bominibus</span> <span class='ocrx_word' id='word_1_154' title='bbox 1205 1162 1326 1203; x_wconf 74' lang='lat' dir='ltr'>doctis</span> <span class='ocrx_word' id='word_1_155' title='bbox 1360 1163 1600 1215; x_wconf 68' lang='lat' dir='ltr'>indoctisque</span> <span class='ocrx_word' id='word_1_156' title='bbox 1629 1161 1862 1216; x_wconf 73' lang='lat' dir='ltr'>temporibus</span> 
     </span>
     <span class='ocr_line' id='line_1_19' title="bbox 338 1219 1861 1273; baseline -0.002 -13"><span class='ocrx_word' id='word_1_157' title='bbox 338 1220 507 1260; x_wconf 69' lang='lat' dir='ltr'>diversis</span> <span class='ocrx_word' id='word_1_158' title='bbox 533 1220 789 1273; x_wconf 71' lang='lat' dir='ltr'>interpolatas</span> <span class='ocrx_word' id='word_1_159' title='bbox 819 1225 854 1259; x_wconf 78' lang='lat' dir='ltr'>et</span> <span class='ocrx_word' id='word_1_160' title='bbox 883 1219 1151 1271; x_wconf 52' lang='lat' dir='ltr'>antplzjficutas</span> <span class='ocrx_word' id='word_1_161' title='bbox 1178 1233 1263 1266; x_wconf 80' lang='lat' dir='ltr'>esse,</span> <span class='ocrx_word' id='word_1_162' title='bbox 1287 1232 1424 1258; x_wconf 71' lang='lat' dir='ltr'>nomen</span> <span class='ocrx_word' id='word_1_163' title='bbox 1449 1225 1580 1258; x_wconf 57' lang='lat' dir='ltr'>[mrtem</span> <span class='ocrx_word' id='word_1_164' title='bbox 1601 1232 1722 1271; x_wconf 69' lang='lat' dir='ltr'>neque</span> <span class='ocrx_word' id='word_1_165' title='bbox 1748 1232 1861 1258; x_wconf 78' lang='lat' dir='ltr'>suum</span> 
     </span>
     <span class='ocr_line' id='line_1_20' title="bbox 338 1274 1863 1329; baseline -0.002 -13"><span class='ocrx_word' id='word_1_166' title='bbox 338 1289 458 1329; x_wconf 73' lang='lat' dir='ltr'>neque</span> <span class='ocrx_word' id='word_1_167' title='bbox 480 1276 596 1316; x_wconf 71' lang='lat' dir='ltr'>otium</span> <span class='ocrx_word' id='word_1_168' title='bbox 620 1275 838 1315; x_wconf 70' lang='lat' dir='ltr'>Plutarchi</span> <span class='ocrx_word' id='word_1_169' title='bbox 858 1274 1029 1328; x_wconf 76' lang='lat' dir='ltr'>aliquem</span> <span class='ocrx_word' id='word_1_170' title='bbox 1050 1289 1097 1314; x_wconf 65' lang='lat' dir='ltr'>eas</span> <span class='ocrx_word' id='word_1_171' title='bbox 1123 1274 1182 1314; x_wconf 73' lang='lat' dir='ltr'>his</span> <span class='ocrx_word' id='word_1_172' title='bbox 1202 1275 1237 1314; x_wconf 73' lang='lat' dir='ltr'>ei</span> <span class='ocrx_word' id='word_1_173' title='bbox 1265 1274 1363 1314; x_wconf 69' lang='lat' dir='ltr'>libro</span> <span class='ocrx_word' id='word_1_174' title='bbox 1388 1275 1642 1326; x_wconf 54' lang='lat' dir='ltr'>iuscerJsz&#39;sse,</span> <span class='ocrx_word' id='word_1_175' title='bbox 1665 1274 1734 1314; x_wconf 76' lang='lat' dir='ltr'>sed</span> <span class='ocrx_word' id='word_1_176' title='bbox 1762 1275 1863 1314; x_wconf 75' lang='lat' dir='ltr'>inter</span> 
     </span>
     <span class='ocr_line' id='line_1_21' title="bbox 339 1329 1861 1384; baseline -0.002 -12"><span class='ocrx_word' id='word_1_177' title='bbox 339 1332 492 1384; x_wconf 74' lang='lat' dir='ltr'>scripta</span> <span class='ocrx_word' id='word_1_178' title='bbox 514 1331 760 1372; x_wconf 74' lang='lat' dir='ltr'>Plutarcbea</span> <span class='ocrx_word' id='word_1_179' title='bbox 786 1331 976 1383; x_wconf 70' lang='lat' dir='ltr'>uutfortet</span> <span class='ocrx_word' id='word_1_180' title='bbox 995 1330 1137 1384; x_wconf 71' lang='lat' dir='ltr'>aliqua</span> <span class='ocrx_word' id='word_1_181' title='bbox 1163 1337 1234 1370; x_wconf 78' lang='lat' dir='ltr'>aut</span> <span class='ocrx_word' id='word_1_182' title='bbox 1262 1329 1523 1370; x_wconf 71' lang='lat' dir='ltr'>librariorum</span> <span class='ocrx_word' id='word_1_183' title='bbox 1544 1344 1675 1370; x_wconf 76' lang='lat' dir='ltr'>errore</span> <span class='ocrx_word' id='word_1_184' title='bbox 1704 1329 1861 1370; x_wconf 51' lang='lat' dir='ltr'>¹illatum</span> 
     </span>
     <span class='ocr_line' id='line_1_22' title="bbox 340 1386 1863 1441; baseline -0.001 -14"><span class='ocrx_word' id='word_1_185' title='bbox 340 1401 443 1433; x_wconf 48' lang='lat' dir='ltr'>essem·</span> <span class='ocrx_word' id='word_1_186' title='bbox 488 1401 562 1427; x_wconf 89' lang='lat' dir='ltr'>nec</span> <span class='ocrx_word' id='word_1_187' title='bbox 596 1388 629 1426; x_wconf 91' lang='lat' dir='ltr'>si</span> <span class='ocrx_word' id='word_1_188' title='bbox 665 1387 844 1427; x_wconf 78' lang='lat' dir='ltr'>maxime</span> <span class='ocrx_word' id='word_1_189' title='bbox 882 1386 1023 1426; x_wconf 87' lang='lat' dir='ltr'>insunt</span> <span class='ocrx_word' id='word_1_190' title='bbox 1058 1401 1164 1441; x_wconf 87' lang='lat' dir='ltr'>quae</span> <span class='ocrx_word' id='word_1_191' title='bbox 1202 1387 1362 1426; x_wconf 82' lang='lat' dir='ltr'>Meicro</span> <span class='ocrx_word' id='word_1_192' title='bbox 1396 1400 1558 1440; x_wconf 86' lang='lat' dir='ltr'>quoque</span> <span class='ocrx_word' id='word_1_193' title='bbox 1587 1386 1754 1440; x_wconf 76' lang='lat' dir='ltr'>judice³,</span> <span class='ocrx_word' id='word_1_194' title='bbox 1791 1387 1863 1426; x_wconf 72' lang='lat' dir='ltr'>etsi</span> 
     </span>
     <span class='ocr_line' id='line_1_23' title="bbox 340 1441 1863 1496; baseline -0.001 -13"><span class='ocrx_word' id='word_1_195' title='bbox 340 1443 456 1494; x_wconf 77' lang='lat' dir='ltr'>apud</span> <span class='ocrx_word' id='word_1_196' title='bbox 485 1443 674 1483; x_wconf 72' lang='lat' dir='ltr'>nemiuem</span> <span class='ocrx_word' id='word_1_197' title='bbox 710 1443 837 1483; x_wconf 76' lang='lat' dir='ltr'>alium</span> <span class='ocrx_word' id='word_1_198' title='bbox 874 1443 1064 1496; x_wconf 74' lang='lat' dir='ltr'>reperias,</span> <span class='ocrx_word' id='word_1_199' title='bbox 1096 1448 1234 1496; x_wconf 70' lang='lat' dir='ltr'>suapte</span> <span class='ocrx_word' id='word_1_200' title='bbox 1264 1448 1415 1482; x_wconf 71' lang='lat' dir='ltr'>nutura</span> <span class='ocrx_word' id='word_1_201' title='bbox 1448 1456 1513 1482; x_wconf 66' lang='lat' dir='ltr'>ce)</span> <span class='ocrx_word' id='word_1_202' title='bbox 1516 1441 1649 1482; x_wconf 75' lang='lat' dir='ltr'>uatem</span> <span class='ocrx_word' id='word_1_203' title='bbox 1667 1456 1726 1495; x_wconf 67' lang='lat' dir='ltr'>pr</span> <span class='ocrx_word' id='word_1_204' title='bbox 1727 1441 1863 1490; x_wconf 71' lang='lat' dir='ltr'>odunt</span> 
     </span>
     <span class='ocr_line' id='line_1_24' title="bbox 341 1498 1863 1552; baseline -0.001 -14"><span class='ocrx_word' id='word_1_205' title='bbox 341 1498 452 1538; x_wconf 90' lang='lat' dir='ltr'>inter</span> <span class='ocrx_word' id='word_1_206' title='bbox 481 1499 584 1539; x_wconf 85' lang='lat' dir='ltr'>haec</span> <span class='ocrx_word' id='word_1_207' title='bbox 614 1514 663 1538; x_wconf 86' lang='lat' dir='ltr'>ea</span> <span class='ocrx_word' id='word_1_208' title='bbox 693 1498 957 1552; x_wconf 85' lang='lat' dir='ltr'>potissimum</span> <span class='ocrx_word' id='word_1_209' title='bbox 988 1498 1156 1546; x_wconf 82' lang='lat' dir='ltr'>referas</span> <span class='ocrx_word' id='word_1_210' title='bbox 1187 1512 1294 1551; x_wconf 81' lang='lat' dir='ltr'>quae</span> <span class='ocrx_word' id='word_1_211' title='bbox 1320 1498 1369 1537; x_wconf 90' lang='lat' dir='ltr'>de</span> <span class='ocrx_word' id='word_1_212' title='bbox 1396 1498 1691 1538; x_wconf 86' lang='lat' dir='ltr'>Demosthenis</span> <span class='ocrx_word' id='word_1_213' title='bbox 1722 1502 1863 1537; x_wconf 84' lang='lat' dir='ltr'>aetate</span> 
     </span>
     <span class='ocr_line' id='line_1_25' title="bbox 341 1553 1863 1608; baseline -0.001 -15"><span class='ocrx_word' id='word_1_214' title='bbox 341 1554 512 1608; x_wconf 86' lang='lat' dir='ltr'>prodit;</span> <span class='ocrx_word' id='word_1_215' title='bbox 548 1569 654 1608; x_wconf 86' lang='lat' dir='ltr'>quae</span> <span class='ocrx_word' id='word_1_216' title='bbox 676 1569 803 1608; x_wconf 88' lang='lat' dir='ltr'>quum</span> <span class='ocrx_word' id='word_1_217' title='bbox 830 1568 881 1593; x_wconf 90' lang='lat' dir='ltr'>ex</span> <span class='ocrx_word' id='word_1_218' title='bbox 909 1568 957 1594; x_wconf 88' lang='lat' dir='ltr'>eo</span> <span class='ocrx_word' id='word_1_219' title='bbox 984 1568 1137 1608; x_wconf 77' lang='lat' dir='ltr'>geneie</span> <span class='ocrx_word' id='word_1_220' title='bbox 1167 1554 1263 1603; x_wconf 90' lang='lat' dir='ltr'>sint,</span> <span class='ocrx_word' id='word_1_221' title='bbox 1293 1554 1402 1607; x_wconf 84' lang='lat' dir='ltr'>quod</span> <span class='ocrx_word' id='word_1_222' title='bbox 1429 1553 1718 1594; x_wconf 76' lang='lat' dir='ltr'>ratiocinando</span> <span class='ocrx_word' id='word_1_223' title='bbox 1749 1567 1863 1593; x_wconf 88' lang='lat' dir='ltr'>max-</span> 
     </span>
     <span class='ocr_line' id='line_1_26' title="bbox 340 1610 1863 1657; baseline 0 -8"><span class='ocrx_word' id='word_1_224' title='bbox 340 1610 421 1650; x_wconf 89' lang='lat' dir='ltr'>ime</span> <span class='ocrx_word' id='word_1_225' title='bbox 462 1610 635 1650; x_wconf 72' lang='lat' dir='ltr'>iuvenili</span> <span class='ocrx_word' id='word_1_226' title='bbox 675 1610 867 1657; x_wconf 83' lang='lat' dir='ltr'>diximus,</span> <span class='ocrx_word' id='word_1_227' title='bbox 910 1610 987 1649; x_wconf 91' lang='lat' dir='ltr'>nisi</span> <span class='ocrx_word' id='word_1_228' title='bbox 1032 1610 1200 1650; x_wconf 88' lang='lat' dir='ltr'>aliunde</span> <span class='ocrx_word' id='word_1_229' title='bbox 1241 1610 1551 1657; x_wconf 89' lang='lat' dir='ltr'>confirmentur,</span> <span class='ocrx_word' id='word_1_230' title='bbox 1594 1624 1669 1649; x_wconf 92' lang='lat' dir='ltr'>sua</span> <span class='ocrx_word' id='word_1_231' title='bbox 1709 1614 1863 1649; x_wconf 86' lang='lat' dir='ltr'>natura</span> 
     </span>
     <span class='ocr_line' id='line_1_27' title="bbox 341 1664 1864 1706; baseline -0.001 -1"><span class='ocrx_word' id='word_1_232' title='bbox 341 1665 510 1706; x_wconf 89' lang='lat' dir='ltr'>minime</span> <span class='ocrx_word' id='word_1_233' title='bbox 536 1670 629 1706; x_wconf 88' lang='lat' dir='ltr'>tuta</span> <span class='ocrx_word' id='word_1_234' title='bbox 652 1670 785 1706; x_wconf 92' lang='lat' dir='ltr'>erunt.</span> <span class='ocrx_word' id='word_1_235' title='bbox 841 1666 985 1705; x_wconf 85' lang='lat' dir='ltr'>Talem</span> <span class='ocrx_word' id='word_1_236' title='bbox 1006 1670 1147 1706; x_wconf 89' lang='lat' dir='ltr'>autem</span> <span class='ocrx_word' id='word_1_237' title='bbox 1169 1666 1527 1706; x_wconf 88' lang='lat' dir='ltr'>confirmationem</span> <span class='ocrx_word' id='word_1_238' title='bbox 1549 1665 1582 1704; x_wconf 91' lang='lat' dir='ltr'>si</span> <span class='ocrx_word' id='word_1_239' title='bbox 1604 1666 1657 1705; x_wconf 92' lang='lat' dir='ltr'>ab</span> <span class='ocrx_word' id='word_1_240' title='bbox 1680 1664 1864 1705; x_wconf 87' lang='lat' dir='ltr'>externis</span> 
     </span>
     <span class='ocr_line' id='line_1_28' title="bbox 342 1720 1864 1775; baseline -0.001 -14"><span class='ocrx_word' id='word_1_241' title='bbox 342 1722 595 1761; x_wconf 87' lang='lat' dir='ltr'>testimoniis</span> <span class='ocrx_word' id='word_1_242' title='bbox 626 1722 819 1775; x_wconf 88' lang='lat' dir='ltr'>petimus,</span> <span class='ocrx_word' id='word_1_243' title='bbox 852 1721 952 1760; x_wconf 88' lang='lat' dir='ltr'>illud</span> <span class='ocrx_word' id='word_1_244' title='bbox 987 1722 1120 1761; x_wconf 90' lang='lat' dir='ltr'>solum</span> <span class='ocrx_word' id='word_1_245' title='bbox 1152 1721 1418 1769; x_wconf 75' lang='lat' dir='ltr'>inveniemus,</span> <span class='ocrx_word' id='word_1_246' title='bbox 1453 1722 1565 1774; x_wconf 83' lang='lat' dir='ltr'>quod</span> <span class='ocrx_word' id='word_1_247' title='bbox 1595 1721 1682 1774; x_wconf 85' lang='lat' dir='ltr'>jam</span> <span class='ocrx_word' id='word_1_248' title='bbox 1718 1735 1769 1761; x_wconf 88' lang='lat' dir='ltr'>ex</span> <span class='ocrx_word' id='word_1_249' title='bbox 1800 1720 1864 1760; x_wconf 89' lang='lat' dir='ltr'>his</span> 
     </span>
     <span class='ocr_line' id='line_1_29' title="bbox 343 1776 1864 1830; baseline 0 -15"><span class='ocrx_word' id='word_1_250' title='bbox 343 1792 449 1830; x_wconf 87' lang='lat' dir='ltr'>quae</span> <span class='ocrx_word' id='word_1_251' title='bbox 491 1778 628 1818; x_wconf 85' lang='lat' dir='ltr'>adhuc</span> <span class='ocrx_word' id='word_1_252' title='bbox 669 1778 944 1818; x_wconf 69' lang='lat' dir='ltr'>tractavimus</span> <span class='ocrx_word' id='word_1_253' title='bbox 986 1778 1089 1817; x_wconf 89' lang='lat' dir='ltr'>satis</span> <span class='ocrx_word' id='word_1_254' title='bbox 1129 1782 1319 1830; x_wconf 87' lang='lat' dir='ltr'>apparet,</span> <span class='ocrx_word' id='word_1_255' title='bbox 1356 1777 1467 1830; x_wconf 90' lang='lat' dir='ltr'>ipsos</span> <span class='ocrx_word' id='word_1_256' title='bbox 1502 1782 1662 1817; x_wconf 81' lang='lat' dir='ltr'>veteres</span> <span class='ocrx_word' id='word_1_257' title='bbox 1703 1777 1744 1815; x_wconf 89' lang='lat' dir='ltr'>in</span> <span class='ocrx_word' id='word_1_258' title='bbox 1785 1776 1864 1816; x_wconf 88' lang='lat' dir='ltr'>hoc</span> 
     </span>
     <span class='ocr_line' id='line_1_30' title="bbox 341 1832 1864 1887; baseline -0.001 -15"><span class='ocrx_word' id='word_1_259' title='bbox 341 1840 591 1887; x_wconf 87' lang='lat' dir='ltr'>argumento</span> <span class='ocrx_word' id='word_1_260' title='bbox 612 1847 695 1872; x_wconf 91' lang='lat' dir='ltr'>non</span> <span class='ocrx_word' id='word_1_261' title='bbox 722 1834 846 1873; x_wconf 84' lang='lat' dir='ltr'>modo</span> <span class='ocrx_word' id='word_1_262' title='bbox 873 1833 1098 1873; x_wconf 88' lang='lat' dir='ltr'>fluctuasse</span> <span class='ocrx_word' id='word_1_263' title='bbox 1128 1834 1200 1873; x_wconf 88' lang='lat' dir='ltr'>sed</span> <span class='ocrx_word' id='word_1_264' title='bbox 1227 1847 1397 1886; x_wconf 89' lang='lat' dir='ltr'>prorsus</span> <span class='ocrx_word' id='word_1_265' title='bbox 1419 1832 1652 1879; x_wconf 87' lang='lat' dir='ltr'>titubasse;</span> <span class='ocrx_word' id='word_1_266' title='bbox 1688 1846 1864 1885; x_wconf 88' lang='lat' dir='ltr'>quorum</span> 
     </span>
     <span class='ocr_line' id='line_1_31' title="bbox 343 1887 1865 1942; baseline -0.001 -14"><span class='ocrx_word' id='word_1_267' title='bbox 343 1893 466 1929; x_wconf 87' lang='lat' dir='ltr'>tanta</span> <span class='ocrx_word' id='word_1_268' title='bbox 512 1889 796 1929; x_wconf 90' lang='lat' dir='ltr'>inconstantia</span> <span class='ocrx_word' id='word_1_269' title='bbox 844 1894 919 1937; x_wconf 91' lang='lat' dir='ltr'>est,</span> <span class='ocrx_word' id='word_1_270' title='bbox 968 1893 1014 1929; x_wconf 90' lang='lat' dir='ltr'>ut</span> <span class='ocrx_word' id='word_1_271' title='bbox 1061 1889 1172 1928; x_wconf 88' lang='lat' dir='ltr'>idem</span> <span class='ocrx_word' id='word_1_272' title='bbox 1217 1888 1435 1937; x_wconf 76' lang='lat' dir='ltr'>Photiusk,</span> <span class='ocrx_word' id='word_1_273' title='bbox 1478 1888 1547 1941; x_wconf 91' lang='lat' dir='ltr'>qui</span> <span class='ocrx_word' id='word_1_274' title='bbox 1594 1887 1865 1942; x_wconf 64' lang='lat' dir='ltr'>Olynthiacas</span> 
     </span>
     <span class='ocr_line' id='line_1_32' title="bbox 305 1943 1864 1998; baseline -0.001 -14"><span class='ocrx_word' id='word_1_275' title='bbox 305 1944 556 1996; x_wconf 62' lang='lat' dir='ltr'>&#39;‘Jorationes</span> <span class='ocrx_word' id='word_1_276' title='bbox 587 1945 649 1985; x_wconf 87' lang='lat' dir='ltr'>vel</span> <span class='ocrx_word' id='word_1_277' title='bbox 685 1950 833 1985; x_wconf 80' lang='lat' dir='ltr'>octavo</span> <span class='ocrx_word' id='word_1_278' title='bbox 869 1949 913 1984; x_wconf 86' lang='lat' dir='ltr'>et</span> <span class='ocrx_word' id='word_1_279' title='bbox 945 1945 1160 1998; x_wconf 82' lang='lat' dir='ltr'>trigesimo</span> <span class='ocrx_word' id='word_1_280' title='bbox 1197 1944 1378 1984; x_wconf 86' lang='lat' dir='ltr'>oratoris</span> <span class='ocrx_word' id='word_1_281' title='bbox 1413 1958 1524 1984; x_wconf 88' lang='lat' dir='ltr'>anno</span> <span class='ocrx_word' id='word_1_282' title='bbox 1563 1943 1727 1992; x_wconf 90' lang='lat' dir='ltr'>tribuit,</span> <span class='ocrx_word' id='word_1_283' title='bbox 1760 1943 1864 1997; x_wconf 88' lang='lat' dir='ltr'>Lep—</span> 
     </span>
     <span class='ocr_line' id='line_1_33' title="bbox 344 2000 1864 2054; baseline 0 -15"><span class='ocrx_word' id='word_1_284' title='bbox 344 2000 513 2049; x_wconf 85' lang='lat' dir='ltr'>tineam,</span> <span class='ocrx_word' id='word_1_285' title='bbox 536 2015 661 2054; x_wconf 88' lang='lat' dir='ltr'>quam</span> <span class='ocrx_word' id='word_1_286' title='bbox 683 2000 794 2041; x_wconf 86' lang='lat' dir='ltr'>circa</span> <span class='ocrx_word' id='word_1_287' title='bbox 817 2001 925 2040; x_wconf 88' lang='lat' dir='ltr'>idem</span> <span class='ocrx_word' id='word_1_288' title='bbox 948 2015 1041 2040; x_wconf 90' lang='lat' dir='ltr'>cum</span> <span class='ocrx_word' id='word_1_289' title='bbox 1064 2000 1357 2040; x_wconf 86' lang='lat' dir='ltr'>Androtionea</span> <span class='ocrx_word' id='word_1_290' title='bbox 1378 2005 1543 2053; x_wconf 89' lang='lat' dir='ltr'>tempus</span> <span class='ocrx_word' id='word_1_291' title='bbox 1564 2000 1756 2040; x_wconf 88' lang='lat' dir='ltr'>habitam</span> <span class='ocrx_word' id='word_1_292' title='bbox 1777 2013 1864 2039; x_wconf 87' lang='lat' dir='ltr'>esse</span> 
     </span>
     <span class='ocr_line' id='line_1_34' title="bbox 345 2055 1866 2110; baseline 0.001 -17"><span class='ocrx_word' id='word_1_293' title='bbox 345 2055 545 2109; x_wconf 68' lang='lat' dir='ltr'>Dionysio</span> <span class='ocrx_word' id='word_1_294' title='bbox 583 2056 947 2096; x_wconf 88' lang='lat' dir='ltr'>I·Ialicarnassensi</span> <span class='ocrx_word' id='word_1_295' title='bbox 980 2056 1198 2103; x_wconf 87' lang='lat' dir='ltr'>credimus,</span> <span class='ocrx_word' id='word_1_296' title='bbox 1228 2056 1281 2096; x_wconf 85' lang='lat' dir='ltr'>ab</span> <span class='ocrx_word' id='word_1_297' title='bbox 1321 2056 1467 2096; x_wconf 87' lang='lat' dir='ltr'>eodem</span> <span class='ocrx_word' id='word_1_298' title='bbox 1500 2055 1648 2110; x_wconf 89' lang='lat' dir='ltr'>viginti</span> <span class='ocrx_word' id='word_1_299' title='bbox 1685 2060 1866 2108; x_wconf 85' lang='lat' dir='ltr'>quatuor</span> 
     </span>
     <span class='ocr_line' id='line_1_35' title="bbox 343 2111 1865 2165; baseline 0 -15"><span class='ocrx_word' id='word_1_300' title='bbox 343 2125 476 2151; x_wconf 88' lang='lat' dir='ltr'>annos</span> <span class='ocrx_word' id='word_1_301' title='bbox 498 2116 599 2151; x_wconf 87' lang='lat' dir='ltr'>nato</span> <span class='ocrx_word' id='word_1_302' title='bbox 620 2112 810 2152; x_wconf 89' lang='lat' dir='ltr'>habitam</span> <span class='ocrx_word' id='word_1_303' title='bbox 838 2112 1006 2159; x_wconf 88' lang='lat' dir='ltr'>scribat,</span> <span class='ocrx_word' id='word_1_304' title='bbox 1036 2112 1219 2165; x_wconf 87' lang='lat' dir='ltr'>itemque</span> <span class='ocrx_word' id='word_1_305' title='bbox 1245 2112 1438 2152; x_wconf 85' lang='lat' dir='ltr'>Zosimus</span> <span class='ocrx_word' id='word_1_306' title='bbox 1467 2111 1725 2159; x_wconf 85' lang='lat' dir='ltr'>Ascalonita,</span> <span class='ocrx_word' id='word_1_307' title='bbox 1749 2111 1865 2164; x_wconf 89' lang='lat' dir='ltr'>cujus</span> 
     </span>
     <span class='ocr_line' id='line_1_36' title="bbox 344 2166 1866 2221; baseline 0 -16"><span class='ocrx_word' id='word_1_308' title='bbox 344 2166 510 2206; x_wconf 90' lang='lat' dir='ltr'>nomine</span> <span class='ocrx_word' id='word_1_309' title='bbox 555 2167 642 2206; x_wconf 85' lang='lat' dir='ltr'>vita</span> <span class='ocrx_word' id='word_1_310' title='bbox 687 2167 984 2206; x_wconf 87' lang='lat' dir='ltr'>Demosthenis</span> <span class='ocrx_word' id='word_1_311' title='bbox 1025 2168 1170 2216; x_wconf 85' lang='lat' dir='ltr'>fertur,</span> <span class='ocrx_word' id='word_1_312' title='bbox 1213 2168 1399 2221; x_wconf 85' lang='lat' dir='ltr'>quamvis</span> <span class='ocrx_word' id='word_1_313' title='bbox 1439 2172 1483 2207; x_wconf 88' lang='lat' dir='ltr'>et</span> <span class='ocrx_word' id='word_1_314' title='bbox 1527 2167 1615 2220; x_wconf 88' lang='lat' dir='ltr'>ipse</span> <span class='ocrx_word' id='word_1_315' title='bbox 1655 2171 1866 2206; x_wconf 89' lang='lat' dir='ltr'>oratorem</span> 
     </span>
     <span class='ocr_line' id='line_1_37' title="bbox 345 2222 1865 2275; baseline 0 -14"><span class='ocrx_word' id='word_1_316' title='bbox 345 2222 565 2275; x_wconf 86' lang='lat' dir='ltr'>sexaginta</span> <span class='ocrx_word' id='word_1_317' title='bbox 587 2227 673 2262; x_wconf 87' lang='lat' dir='ltr'>tres</span> <span class='ocrx_word' id='word_1_318' title='bbox 693 2237 824 2262; x_wconf 89' lang='lat' dir='ltr'>annos</span> <span class='ocrx_word' id='word_1_319' title='bbox 845 2222 997 2262; x_wconf 81' lang='lat' dir='ltr'>vixisse</span> <span class='ocrx_word' id='word_1_320' title='bbox 1025 2223 1210 2263; x_wconf 87' lang='lat' dir='ltr'>scribens</span> <span class='ocrx_word' id='word_1_321' title='bbox 1238 2238 1263 2263; x_wconf 89' lang='lat' dir='ltr'>a</span> <span class='ocrx_word' id='word_1_322' title='bbox 1292 2223 1502 2263; x_wconf 82' lang='lat' dir='ltr'>Dexitheo</span> <span class='ocrx_word' id='word_1_323' title='bbox 1527 2223 1730 2263; x_wconf 89' lang='lat' dir='ltr'>archonte</span> <span class='ocrx_word' id='word_1_324' title='bbox 1757 2236 1865 2262; x_wconf 90' lang='lat' dir='ltr'>com-</span> 
     </span>
     <span class='ocr_line' id='line_1_38' title="bbox 344 2278 1866 2332; baseline 0.001 -16"><span class='ocrx_word' id='word_1_325' title='bbox 344 2282 494 2330; x_wconf 85' lang='lat' dir='ltr'>putare</span> <span class='ocrx_word' id='word_1_326' title='bbox 516 2278 719 2326; x_wconf 72' lang='lat' dir='ltr'>videatur,</span> <span class='ocrx_word' id='word_1_327' title='bbox 752 2292 908 2318; x_wconf 89' lang='lat' dir='ltr'>annum</span> <span class='ocrx_word' id='word_1_328' title='bbox 935 2279 1119 2318; x_wconf 87' lang='lat' dir='ltr'>natalem</span> <span class='ocrx_word' id='word_1_329' title='bbox 1150 2293 1243 2318; x_wconf 88' lang='lat' dir='ltr'>cum</span> <span class='ocrx_word' id='word_1_330' title='bbox 1272 2279 1474 2332; x_wconf 75' lang='lat' dir='ltr'>Dionysio</span> <span class='ocrx_word' id='word_1_331' title='bbox 1500 2278 1736 2331; x_wconf 89' lang='lat' dir='ltr'>proximum</span> <span class='ocrx_word' id='word_1_332' title='bbox 1765 2282 1866 2318; x_wconf 86' lang='lat' dir='ltr'>ante</span> 
     </span>
     <span class='ocr_line' id='line_1_39' title="bbox 344 2333 1864 2387; baseline -0.001 -14"><span class='ocrx_word' id='word_1_333' title='bbox 344 2333 635 2387; x_wconf 54' lang='lat' dir='ltr'>Olympiadem</span> <span class='ocrx_word' id='word_1_334' title='bbox 677 2334 947 2374; x_wconf 89' lang='lat' dir='ltr'>centesimam</span> <span class='ocrx_word' id='word_1_335' title='bbox 987 2334 1167 2374; x_wconf 86' lang='lat' dir='ltr'>statuat¹</span> <span class='ocrx_word' id='word_1_336' title='bbox 1178 2351 1187 2383; x_wconf 84' lang='lat'><em>3</em></span> <span class='ocrx_word' id='word_1_337' title='bbox 1235 2335 1344 2374; x_wconf 89' lang='lat' dir='ltr'>unde</span> <span class='ocrx_word' id='word_1_338' title='bbox 1377 2335 1410 2374; x_wconf 90' lang='lat' dir='ltr'>si</span> <span class='ocrx_word' id='word_1_339' title='bbox 1453 2334 1551 2387; x_wconf 84' lang='lat' dir='ltr'>quid</span> <span class='ocrx_word' id='word_1_340' title='bbox 1585 2334 1751 2373; x_wconf 89' lang='lat' dir='ltr'>omnino</span> <span class='ocrx_word' id='word_1_341' title='bbox 1787 2334 1864 2373; x_wconf 90' lang='lat' dir='ltr'>hoc</span> 
     </span>
     <span class='ocr_line' id='line_1_40' title="bbox 343 2389 1863 2443; baseline 0.001 -15"><span class='ocrx_word' id='word_1_342' title='bbox 343 2389 476 2428; x_wconf 91' lang='lat' dir='ltr'>solum</span> <span class='ocrx_word' id='word_1_343' title='bbox 497 2389 750 2443; x_wconf 85' lang='lat' dir='ltr'>colligemus,</span> <span class='ocrx_word' id='word_1_344' title='bbox 773 2390 883 2443; x_wconf 86' lang='lat' dir='ltr'>quod</span> <span class='ocrx_word' id='word_1_345' title='bbox 906 2390 968 2430; x_wconf 72' lang='lat' dir='ltr'>vel</span> <span class='ocrx_word' id='word_1_346' title='bbox 990 2390 1047 2430; x_wconf 87' lang='lat' dir='ltr'>sic</span> <span class='ocrx_word' id='word_1_347' title='bbox 1070 2395 1249 2438; x_wconf 84' lang='lat' dir='ltr'>constat,</span> <span class='ocrx_word' id='word_1_348' title='bbox 1272 2390 1398 2430; x_wconf 81' lang='lat' dir='ltr'>fuisse</span> <span class='ocrx_word' id='word_1_349' title='bbox 1415 2390 1503 2443; x_wconf 87' lang='lat' dir='ltr'>jam</span> <span class='ocrx_word' id='word_1_350' title='bbox 1525 2390 1635 2429; x_wconf 86' lang='lat' dir='ltr'>inter</span> <span class='ocrx_word' id='word_1_351' title='bbox 1655 2389 1863 2443; x_wconf 88' lang='lat' dir='ltr'>antiquos,</span> 
     </span>
     <span class='ocr_line' id='line_1_41' title="bbox 343 2445 1865 2500; baseline 0 -16"><span class='ocrx_word' id='word_1_352' title='bbox 343 2445 413 2499; x_wconf 91' lang='lat' dir='ltr'>qui</span> <span class='ocrx_word' id='word_1_353' title='bbox 449 2445 775 2485; x_wconf 87' lang='lat' dir='ltr'>Demosthenem</span> <span class='ocrx_word' id='word_1_354' title='bbox 815 2446 943 2486; x_wconf 85' lang='lat' dir='ltr'>tertio</span> <span class='ocrx_word' id='word_1_355' title='bbox 981 2451 1023 2486; x_wconf 91' lang='lat' dir='ltr'>et</span> <span class='ocrx_word' id='word_1_356' title='bbox 1054 2446 1314 2500; x_wconf 81' lang='lat' dir='ltr'>sexagesimo</span> <span class='ocrx_word' id='word_1_357' title='bbox 1350 2451 1450 2486; x_wconf 87' lang='lat' dir='ltr'>ante</span> <span class='ocrx_word' id='word_1_358' title='bbox 1482 2446 1544 2486; x_wconf 95' lang='lat' dir='ltr'>Ol.</span> <span class='ocrx_word' id='word_1_359' title='bbox 1572 2458 1662 2496; x_wconf 87' lang='lat'>114,</span> <span class='ocrx_word' id='word_1_360' title='bbox 1686 2459 1723 2499; x_wconf 82' lang='lat'>3.</span> <span class='ocrx_word' id='word_1_361' title='bbox 1755 2459 1865 2485; x_wconf 88' lang='lat' dir='ltr'>anno</span> 
     </span>
     <span class='ocr_line' id='line_1_42' title="bbox 341 2500 1866 2556; baseline 0 -16"><span class='ocrx_word' id='word_1_362' title='bbox 341 2505 489 2540; x_wconf 87' lang='lat' dir='ltr'>natum</span> <span class='ocrx_word' id='word_1_363' title='bbox 529 2502 761 2551; x_wconf 86' lang='lat' dir='ltr'>crederent,</span> <span class='ocrx_word' id='word_1_364' title='bbox 795 2502 1027 2542; x_wconf 85' lang='lat' dir='ltr'>auctoritas</span> <span class='ocrx_word' id='word_1_365' title='bbox 1068 2508 1209 2542; x_wconf 87' lang='lat' dir='ltr'>tamen</span> <span class='ocrx_word' id='word_1_366' title='bbox 1249 2517 1456 2556; x_wconf 69' lang='lat' dir='ltr'>anonymo</span> <span class='ocrx_word' id='word_1_367' title='bbox 1496 2506 1641 2541; x_wconf 85' lang='lat' dir='ltr'>nostro</span> <span class='ocrx_word' id='word_1_368' title='bbox 1677 2516 1702 2541; x_wconf 91' lang='lat' dir='ltr'>a</span> <span class='ocrx_word' id='word_1_369' title='bbox 1734 2500 1866 2541; x_wconf 89' lang='lat' dir='ltr'>tantis</span> 
     </span>
     <span class='ocr_line' id='line_1_43' title="bbox 342 2556 1866 2612; baseline 0.001 -17"><span class='ocrx_word' id='word_1_370' title='bbox 342 2556 462 2611; x_wconf 91' lang='lat' dir='ltr'>nugis</span> <span class='ocrx_word' id='word_1_371' title='bbox 498 2571 581 2597; x_wconf 90' lang='lat' dir='ltr'>non</span> <span class='ocrx_word' id='word_1_372' title='bbox 621 2558 806 2598; x_wconf 86' lang='lat' dir='ltr'>accedet.</span> <span class='ocrx_word' id='word_1_373' title='bbox 869 2558 1003 2597; x_wconf 91' lang='lat' dir='ltr'>Immo</span> <span class='ocrx_word' id='word_1_374' title='bbox 1044 2573 1119 2599; x_wconf 90' lang='lat' dir='ltr'>nec</span> <span class='ocrx_word' id='word_1_375' title='bbox 1157 2563 1301 2599; x_wconf 86' lang='lat' dir='ltr'>notam</span> <span class='ocrx_word' id='word_1_376' title='bbox 1336 2558 1457 2612; x_wconf 78' lang='lat' dir='ltr'>vulgo</span> <span class='ocrx_word' id='word_1_377' title='bbox 1498 2572 1571 2598; x_wconf 91' lang='lat' dir='ltr'>nec</span> <span class='ocrx_word' id='word_1_378' title='bbox 1611 2571 1866 2612; x_wconf 87' lang='lat' dir='ltr'>magnopere</span> 
     </span>
    </p>
   </div>
   <div class='ocr_carea' id='block_1_3' title="bbox 340 2667 1864 2750">
    <p class='ocr_par' dir='ltr' id='par_1_3' title="bbox 340 2667 1864 2750">
     <span class='ocr_line' id='line_1_44' title="bbox 384 2667 1864 2708; baseline 0.001 -13"><span class='ocrx_word' id='word_1_379' title='bbox 384 2671 404 2695; x_wconf 75' lang='grc'>8·</span> <span class='ocrx_word' id='word_1_380' title='bbox 421 2667 457 2697; x_wconf 89' lang='grc' dir='ltr'>Ρ.</span> <span class='ocrx_word' id='word_1_381' title='bbox 474 2667 557 2705; x_wconf 81' lang='lat'><strong>845:</strong></span> <span class='ocrx_word' id='word_1_382' title='bbox 582 2667 662 2697; x_wconf 82' lang='grc' dir='ltr'>ἑπτὰ</span> <span class='ocrx_word' id='word_1_383' title='bbox 685 2667 718 2697; x_wconf 83' lang='grc' dir='ltr'>δὲ</span> <span class='ocrx_word' id='word_1_384' title='bbox 743 2668 791 2698; x_wconf 83' lang='grc' dir='ltr'>καὶ</span> <span class='ocrx_word' id='word_1_385' title='bbox 815 2667 984 2707; x_wconf 74' lang='grc' dir='ltr'>τριάκοντα</span> <span class='ocrx_word' id='word_1_386' title='bbox 1010 2668 1065 2704; x_wconf 85' lang='grc' dir='ltr'>ἔτη</span> <span class='ocrx_word' id='word_1_387' title='bbox 1135 2669 1300 2708; x_wconf 84' lang='lat' dir='ltr'>scriptores</span> <span class='ocrx_word' id='word_1_388' title='bbox 1345 2669 1491 2706; x_wconf 79' lang='lat' dir='ltr'>Graecos,</span> <span class='ocrx_word' id='word_1_389' title='bbox 1531 2668 1670 2698; x_wconf 74' lang='lat' dir='ltr'>BrunSV.</span> <span class='ocrx_word' id='word_1_390' title='bbox 1709 2668 1799 2706; x_wconf 81' lang='lat'>1845,</span> <span class='ocrx_word' id='word_1_391' title='bbox 1833 2667 1864 2696; x_wconf 91' lang='lat'>8.</span> 
     </span>
     <span class='ocr_line' id='line_1_45' title="bbox 340 2708 1234 2750; baseline 0.003 -12"><span class='ocrx_word' id='word_1_392' title='bbox 340 2709 481 2747; x_wconf 74' lang='grc' dir='ltr'>’γεγονὼς</span> <span class='ocrx_word' id='word_1_393' title='bbox 511 2708 725 2748; x_wconf 77' lang='grc' dir='ltr'>λογιζομένοις</span> <span class='ocrx_word' id='word_1_394' title='bbox 760 2710 820 2740; x_wconf 80' lang='grc' dir='ltr'>ἀπὸ</span> <span class='ocrx_word' id='word_1_395' title='bbox 849 2709 994 2748; x_wconf 78' lang='grc' dir='ltr'>Δεξιθέου</span> <span class='ocrx_word' id='word_1_396' title='bbox 1026 2710 1068 2741; x_wconf 82' lang='grc' dir='ltr'>εἷς</span> <span class='ocrx_word' id='word_1_397' title='bbox 1137 2722 1167 2750; x_wconf 89' lang='lat' dir='ltr'>p.</span> <span class='ocrx_word' id='word_1_398' title='bbox 1188 2711 1234 2741; x_wconf 89' lang='lat'>16.</span> 
     </span>
    </p>
   </div>
   <div class='ocr_carea' id='block_1_4' title="bbox 342 2750 1862 2876">
    <p class='ocr_par' dir='ltr' id='par_1_4' title="bbox 342 2750 1862 2876">
     <span class='ocr_line' id='line_1_46' title="bbox 344 2750 1862 2791; baseline 0 -11"><span class='ocrx_word' id='word_1_399' title='bbox 344 2751 565 2790; x_wconf 81' lang='grc' dir='ltr'>Καλλίμαχον,</span> <span class='ocrx_word' id='word_1_400' title='bbox 592 2753 640 2791; x_wconf 80' lang='grc' dir='ltr'>ἐφ’</span> <span class='ocrx_word' id='word_1_401' title='bbox 666 2756 700 2782; x_wconf 86' lang='grc' dir='ltr'>οὑ</span> <span class='ocrx_word' id='word_1_402' title='bbox 724 2753 793 2791; x_wconf 88' lang='grc' dir='ltr'>παρ’</span> <span class='ocrx_word' id='word_1_403' title='bbox 817 2752 988 2782; x_wconf 79' lang='grc' dir='ltr'>Ὀλυνθίων</span> <span class='ocrx_word' id='word_1_404' title='bbox 1011 2752 1068 2788; x_wconf 81' lang='grc' dir='ltr'>ἧκε</span> <span class='ocrx_word' id='word_1_405' title='bbox 1178 2752 1187 2776; x_wconf 76' lang='lat' dir='ltr'>i</span> <span class='ocrx_word' id='word_1_406' title='bbox 1206 2754 1275 2783; x_wconf 85' lang='lat' dir='ltr'>Ind.</span> <span class='ocrx_word' id='word_1_407' title='bbox 1290 2753 1374 2783; x_wconf 85' lang='lat' dir='ltr'>lectt.</span> <span class='ocrx_word' id='word_1_408' title='bbox 1389 2751 1463 2782; x_wconf 78' lang='lat' dir='ltr'>Hal.</span> <span class='ocrx_word' id='word_1_409' title='bbox 1483 2752 1572 2789; x_wconf 79' lang='lat'>1831.</span> <span class='ocrx_word' id='word_1_410' title='bbox 1591 2762 1620 2790; x_wconf 91' lang='lat' dir='ltr'>p.</span> <span class='ocrx_word' id='word_1_411' title='bbox 1635 2750 1670 2785; x_wconf 84' lang='lat'>6;</span> <span class='ocrx_word' id='word_1_412' title='bbox 1695 2752 1732 2781; x_wconf 88' lang='lat' dir='ltr'>cf.</span> <span class='ocrx_word' id='word_1_413' title='bbox 1749 2761 1862 2781; x_wconf 85' lang='lat' dir='ltr'>comm.</span> 
     </span>
     <span class='ocr_line' id='line_1_47' title="bbox 342 2793 1458 2834; baseline 0 -12"><span class='ocrx_word' id='word_1_414' title='bbox 342 2793 496 2832; x_wconf 84' lang='grc' dir='ltr'>πρεσβεία</span> <span class='ocrx_word' id='word_1_415' title='bbox 533 2795 601 2834; x_wconf 82' lang='grc' dir='ltr'>περὶ</span> <span class='ocrx_word' id='word_1_416' title='bbox 647 2796 703 2830; x_wconf 79' lang='grc' dir='ltr'>τῆς</span> <span class='ocrx_word' id='word_1_417' title='bbox 745 2794 901 2831; x_wconf 84' lang='grc' dir='ltr'>βοηθείας,</span> <span class='ocrx_word' id='word_1_418' title='bbox 944 2795 1068 2825; x_wconf 83' lang='grc' dir='ltr'>ἔπεισεν</span> <span class='ocrx_word' id='word_1_419' title='bbox 1135 2797 1174 2826; x_wconf 78' lang='lat' dir='ltr'>de</span> <span class='ocrx_word' id='word_1_420' title='bbox 1190 2797 1313 2825; x_wconf 78' lang='lat' dir='ltr'>Andoc.</span> <span class='ocrx_word' id='word_1_421' title='bbox 1333 2806 1362 2833; x_wconf 79' lang='lat'>4.</span> <span class='ocrx_word' id='word_1_422' title='bbox 1381 2806 1408 2834; x_wconf 87' lang='lat' dir='ltr'>p.</span> <span class='ocrx_word' id='word_1_423' title='bbox 1429 2806 1458 2832; x_wconf 80' lang='lat'>4.</span> 
     </span>
     <span class='ocr_line' id='line_1_48' title="bbox 344 2833 1572 2876; baseline 0 -12"><span class='ocrx_word' id='word_1_424' title='bbox 344 2833 497 2873; x_wconf 80' lang='grc' dir='ltr'>ἐκπεμψαι</span> <span class='ocrx_word' id='word_1_425' title='bbox 514 2848 574 2872; x_wconf 81' lang='grc' dir='ltr'>την</span> <span class='ocrx_word' id='word_1_426' title='bbox 589 2836 736 2872; x_wconf 81' lang='grc' dir='ltr'>βοήθειαν</span> <span class='ocrx_word' id='word_1_427' title='bbox 752 2849 780 2867; x_wconf 79' lang='grc' dir='ltr'>κ.</span> <span class='ocrx_word' id='word_1_428' title='bbox 799 2849 829 2867; x_wconf 86' lang='grc' dir='ltr'>τ.</span> <span class='ocrx_word' id='word_1_429' title='bbox 847 2843 878 2867; x_wconf 81' lang='grc' dir='ltr'>λ.</span> <span class='ocrx_word' id='word_1_430' title='bbox 1182 2839 1197 2862; x_wconf 81' lang='lat' dir='ltr'>k</span> <span class='ocrx_word' id='word_1_431' title='bbox 1218 2838 1300 2867; x_wconf 87' lang='lat' dir='ltr'>Bibl.</span> <span class='ocrx_word' id='word_1_432' title='bbox 1319 2847 1344 2866; x_wconf 85' lang='lat' dir='ltr'>c.</span> <span class='ocrx_word' id='word_1_433' title='bbox 1364 2838 1435 2875; x_wconf 73' lang='lat'>298.</span> <span class='ocrx_word' id='word_1_434' title='bbox 1451 2847 1478 2875; x_wconf 87' lang='lat' dir='ltr'>p.</span> <span class='ocrx_word' id='word_1_435' title='bbox 1499 2845 1572 2876; x_wconf 78' lang='lat'>492.</span> 
     </span>
    </p>
   </div>
   <div class='ocr_carea' id='block_1_5' title="bbox 385 2876 1863 2917">
    <p class='ocr_par' dir='ltr' id='par_1_5' title="bbox 385 2876 1863 2917">
     <span class='ocr_line' id='line_1_49' title="bbox 385 2876 1863 2917; baseline -0.001 -10"><span class='ocrx_word' id='word_1_436' title='bbox 385 2876 403 2899; x_wconf 76' lang='lat'>¹¹</span> <span class='ocrx_word' id='word_1_437' title='bbox 421 2878 461 2907; x_wconf 90' lang='lat' dir='ltr'>V.</span> <span class='ocrx_word' id='word_1_438' title='bbox 486 2878 567 2907; x_wconf 87' lang='grc' dir='ltr'><strong>Α1·.ι1</strong></span> <span class='ocrx_word' id='word_1_439' title='bbox 591 2879 749 2909; x_wconf 73' lang='lat' dir='ltr'>Schaeferi</span> <span class='ocrx_word' id='word_1_440' title='bbox 776 2880 898 2909; x_wconf 86' lang='lat' dir='ltr'>Comm.</span> <span class='ocrx_word' id='word_1_441' title='bbox 927 2881 965 2909; x_wconf 87' lang='lat' dir='ltr'>de</span> <span class='ocrx_word' id='word_1_442' title='bbox 990 2879 1069 2909; x_wconf 86' lang='lat' dir='ltr'>libro</span> <span class='ocrx_word' id='word_1_443' title='bbox 1179 2878 1188 2901; x_wconf 87' lang='lat'>1</span> <span class='ocrx_word' id='word_1_444' title='bbox 1206 2880 1275 2909; x_wconf 81' lang='lat' dir='ltr'>vol.</span> <span class='ocrx_word' id='word_1_445' title='bbox 1292 2888 1322 2915; x_wconf 78' lang='lat'>4.</span> <span class='ocrx_word' id='word_1_446' title='bbox 1340 2890 1368 2917; x_wconf 86' lang='lat' dir='ltr'>p.</span> <span class='ocrx_word' id='word_1_447' title='bbox 1387 2888 1456 2917; x_wconf 77' lang='lat'>151.</span> <span class='ocrx_word' id='word_1_448' title='bbox 1471 2879 1520 2908; x_wconf 85' lang='lat' dir='ltr'>ed.</span> <span class='ocrx_word' id='word_1_449' title='bbox 1534 2878 1642 2907; x_wconf 82' lang='lat' dir='ltr'>Reisk.</span> <span class='ocrx_word' id='word_1_450' title='bbox 1661 2877 1774 2907; x_wconf 74' lang='lat' dir='ltr'>Suidas</span> <span class='ocrx_word' id='word_1_451' title='bbox 1790 2887 1863 2907; x_wconf 86' lang='lat' dir='ltr'>eum</span> 
     </span>
    </p>
   </div>
   <div class='ocr_carea' id='block_1_6' title="bbox 342 2920 1775 2994">
    <p class='ocr_par' dir='ltr' id='par_1_6' title="bbox 342 2920 1775 2994">
     <span class='ocr_line' id='line_1_50' title="bbox 343 2920 1775 2961; baseline 0 -13"><span class='ocrx_word' id='word_1_452' title='bbox 343 2920 482 2949; x_wconf 86' lang='lat' dir='ltr'>vitarum</span> <span class='ocrx_word' id='word_1_453' title='bbox 498 2921 603 2950; x_wconf 85' lang='lat' dir='ltr'>decem</span> <span class='ocrx_word' id='word_1_454' title='bbox 624 2929 797 2957; x_wconf 73' lang='lat' dir='ltr'>oratorum,</span> <span class='ocrx_word' id='word_1_455' title='bbox 816 2922 956 2952; x_wconf 79' lang='lat' dir='ltr'>Dresdae</span> <span class='ocrx_word' id='word_1_456' title='bbox 978 2922 1068 2958; x_wconf 78' lang='lat'>1844,</span> <span class='ocrx_word' id='word_1_457' title='bbox 1137 2922 1301 2961; x_wconf 77' lang='lat' dir='ltr'>sexaginta</span> <span class='ocrx_word' id='word_1_458' title='bbox 1318 2922 1396 2952; x_wconf 81' lang='lat' dir='ltr'>duos</span> <span class='ocrx_word' id='word_1_459' title='bbox 1413 2930 1512 2951; x_wconf 85' lang='lat' dir='ltr'>annos</span> <span class='ocrx_word' id='word_1_460' title='bbox 1530 2920 1643 2951; x_wconf 80' lang='lat' dir='ltr'>vixisse</span> <span class='ocrx_word' id='word_1_461' title='bbox 1659 2920 1775 2950; x_wconf 81' lang='lat' dir='ltr'>scribit.</span> 
     </span>
     <span class='ocr_line' id='line_1_51' title="bbox 342 2960 1068 2994; baseline 0.003 -4"><span class='ocrx_word' id='word_1_462' title='bbox 342 2960 373 2990; x_wconf 87' lang='lat'>8.</span> <span class='ocrx_word' id='word_1_463' title='bbox 412 2961 650 2993; x_wconf 40' lang='lat' dir='ltr'>&amp;Vestermamn</span> <span class='ocrx_word' id='word_1_464' title='bbox 695 2964 801 2994; x_wconf 76' lang='lat' dir='ltr'>Praef.</span> <span class='ocrx_word' id='word_1_465' title='bbox 839 2965 877 2994; x_wconf 85' lang='lat' dir='ltr'>ad</span> <span class='ocrx_word' id='word_1_466' title='bbox 919 2964 1068 2994; x_wconf 82' lang='lat' dir='ltr'>Vitarum</span> 
     </span>
    </p>
   </div>
  </div>
 </body>
</html>
