1997 3256
546 145 872 185 ADVERSUS
907 147 1258 186 LEPTINEM.
1574 147 1656 191 669

143 251 240 286 sunt
262 248 494 302 exemplum
517 248 900 299 interlocutionum,
923 251 973 290 de
996 251 1144 304 quibus
1167 266 1201 290 v.
1226 256 1311 290 not.
1335 251 1388 290 ad
1411 265 1448 304 p.
1471 262 1567 300 407,
1594 264 1654 304 ¹3·

144 302 213 341 Ad
256 303 519 344 Phormionis
559 312 700 346 autem
742 308 810 356 τὴν
847 309 1117 358 πρωτολογίαν
1153 307 1299 360 respici
1338 307 1427 359 quis
1463 307 1656 347 dubitet?

144 357 208 398 Ut
236 365 379 400 orator
410 375 491 400 non
514 361 706 402 videatur
740 363 879 416 inepte
911 378 1271 416 prael›roperequc
1302 363 1582 411 exardescere,
1606 363 1656 402 si-

142 414 308 467 quidem
340 417 404 456 hic
436 418 561 456 ardor
587 418 785 458 dicendus
808 425 883 458 est.
928 420 1181 459 SCHAEF.
1245 422 1436 468 θεωρεῖτε,
1460 434 1504 457 (11³
1529 420 1576 459 iis
1597 434 1655 458 sc.

142 485 240 523 quae
273 486 360 511 moa*
392 473 573 512 dicturus
605 490 702 519 sum,
737 490 775 528 p.
803 487 898 526 470,
930 487 1153 527 25.—472,
1179 489 1216 526 9.
1279 476 1457 514 Frustra
1492 475 1656 515 laborat

144 527 337 567 &Volfius
383 529 555 569 DOBR.

197 595 293 633 470,
316 597 376 634 lo.
400 586 530 639 ὅσους]
564 587 666 627 οἵους
689 587 934 626 Dobraeus:
970 601 1065 626 nam
1100 600 1317 625 numerum
1350 586 1452 625 satis
1483 586 1655 627 indicari

140 653 214 692 per
236 641 311 679 ὅσα
332 642 585 692 ψηφίσματα.
648 642 739 680 Non
763 657 879 696 opus.

209 709 305 746 470,
352 710 414 750 23.
462 702 788 737 *PIId’IEMATA
832 698 953 751 vulgo
993 701 1247 737 ΨΗΦΙΣΜΑ
1296 698 1414 736 codd.
1456 697 1655 750 plerique.

142 751 272 802 Quem
305 767 484 793 errorem
518 758 666 793 auctor
697 753 783 807 ipse
810 753 958 800 verbis,
987 754 1175 803 ἀκηκόατε
1207 755 1247 792 ἐκ
1277 758 1352 792 τῶν
1374 754 1654 804 ψηφισμάτων,

140 807 200 847 ita
229 809 366 862 arguit
391 814 430 849 et
454 809 677 857 convincit,
700 809 800 848 nihil
831 814 877 848 ut
906 814 1053 848 contra
1075 809 1154 848 dici
1187 809 1332 862 possit.
1396 809 1480 848 Nec
1510 809 1549 847 in
1580 809 1656 848 illis

139 864 348 917 prioribus
369 866 412 904 τὸ
434 865 624 915 ψήφισμα
654 867 743 915 ὑμῖν
765 865 857 904 αὐτὸ
890 866 1161 916 ἀναγνώσεται
1190 865 1232 904 τὸ
1259 867 1345 905 τότε
1376 867 1583 916 ψηφισθὲν
1605 867 1655 919 τῷ

141 922 262 971 ἀνδρί,
291 920 514 960 mutationi
542 920 767 974 quidquam
802 920 995 974 praesidii
1028 926 1104 968 est,
1138 921 1324 974 quamvis
1362 921 1421 960 ita
1458 921 1533 959 sibi
1566 936 1656 974 per—

140 976 318 1015 suasisse
340 976 560 1016 videantur
586 977 654 1029 qni
686 976 806 1030 primi
840 980 1070 1017 mutarunt.
1133 979 1248 1027 Quae
1271 978 1396 1017 verba
1424 977 1502 1016 etsi
1529 992 1654 1016 unum

140 1036 305 1071 tantum
326 1033 564 1086 psephisma
582 1033 803 1087 designant
826 1033 937 1079 illud,
954 1033 1064 1086 quod
1082 1048 1120 1087 p.
1136 1035 1232 1086 469,
1252 1046 1315 1073 22.
1365 1034 1523 1073 Orator
1542 1047 1656 1073 mon-

139 1088 304 1133 stravit.
333 1089 371 1128 h.
395 1103 429 1128 e.
457 1089 714 1142 primarimn,
743 1104 824 1142 quo
858 1089 1054 1143 Fpicerdi
1092 1094 1187 1142 post
1224 1089 1402 1143 primum
1439 1090 1491 1129 ab
1529 1104 1578 1129 eo
1615 1089 1655 1129 in

140 1159 233 1198 pop.
264 1145 419 1185 Athen.
449 1145 693 1185 beneficium
728 1146 925 1185 collatum
959 1145 1199 1185 immunitas
1231 1146 1399 1185 decreta
1430 1147 1578 1193 fuerat,
1611 1151 1657 1186 at

140 1216 187 1240 ea
224 1206 366 1241 tamen
407 1201 507 1240 nihil
548 1201 778 1255 impediunt
811 1216 892 1255 quo
928 1201 1062 1241 minus
1104 1216 1211 1241 nunc
1247 1201 1328 1241 alia
1370 1201 1655 1255 psephismata

140 1257 257 1311 plura
294 1257 433 1297 afferri
475 1258 703 1310 potuerint.
768 1258 911 1311 Atque
948 1258 1027 1297 huc
1065 1258 1223 1297 ducunt
1265 1258 1386 1310 plane
1425 1258 1550 1297 verba
1589 1261 1656 1300 τὰς

141 1314 380 1365 εὐεργεσίας.
444 1314 606 1367 Quippe
643 1314 739 1353 illud
772 1313 1013 1367 primarium
1045 1314 1258 1353 decretum
1291 1314 1345 1353 ad
1378 1328 1503 1352 unum
1540 1313 1655 1367 prius

139 1370 384 1409 beneficium
419 1376 629 1423 spectasse
661 1370 788 1409 videri
819 1370 957 1409 (lebet.
1021 1370 1141 1409 Adeo
1176 1369 1275 1409 nihil
1307 1369 1563 1423 probabilius
1591 1375 1655 1409 est

140 1440 265 1479 quam
298 1426 493 1480 Epicerdi
531 1426 775 1479 posterioris
808 1425 947 1466 meriti
979 1440 1126 1466 caussa
1159 1440 1264 1465 novo
1296 1427 1465 1465 decreto
1495 1425 1655 1479 gratias

138 1487 257 1521 actas
297 1482 689 1535 innnunitatemque
725 1482 860 1522 denuo
901 1486 1038 1521 ratam
1080 1481 1282 1524 habitam,
1320 1482 1462 1521 forsan
1504 1496 1655 1522 novum

138 1538 369 1591 praemium
404 1538 575 1592 aliquod
610 1538 801 1578 additum
837 1537 975 1577 fuisse.
1011 1538 1059 1577 F.
1084 1539 1139 1578 A.
1162 1538 1351 1578 WOLF.
1414 1538 1540 1577 Hanc
1572 1538 1654 1577 dis-

139 1594 401 1648 putationem
441 1594 533 1648 quis
575 1609 656 1634 non
698 1595 877 1648 probet?
943 1594 1028 1633 Nec
1071 1598 1211 1634 tamen
1252 1598 1476 1648 propterea
1516 1594 1654 1634 dicam

143 1650 345 1689 Wolfium
371 1650 636 1704 singularem,
660 1651 787 1690 etiam
809 1666 834 1690 a
857 1650 1048 1690 Bekkero
1078 1655 1301 1697 servatum,
1325 1654 1438 1690 reete
1469 1655 1654 1690 mutasse

139 1706 314 1760 plurali:
350 1721 443 1746 cum
464 1707 573 1747 enim
595 1712 739 1747 orator
760 1707 1052 1747 tantummodo
1075 1721 1201 1745 unum
1226 1707 1463 1760 psephisma
1485 1706 1653 1746 recitari

135 1763 323 1815 jusserit,
347 1777 428 1802 non
460 1763 599 1817 potuit
631 1764 745 1817 sequi
779 1763 950 1803 titulus:
984 1766 1324 1802 ΨΗΦΙΣΜΑΤΑ.
1387 1762 1495 1813 Quid
1527 1762 1655 1816 igitur

139 1819 351 1867 faciemus,
374 1825 422 1860 ut
444 1820 559 1859 locus
587 1834 679 1859 cum
706 1834 748 1859 se
778 1819 867 1873 ipso
890 1818 993 1859 satis
1016 1819 1266 1858 concordet?
1328 1819 1524 1873 Suspicor
1554 1833 1654 1858 non-

140 1875 251 1915 nulla
282 1876 484 1916 excidisse
514 1877 599 1916 fere
631 1876 687 1916 sic
720 1876 972 1930 supplenda:
1006 1875 1116 1927 λέγε.
1176 1878 1446 1914 ΨΗΦΙΣΜΑ.
1469 1875 1565 1926 λέγε
1593 1875 1655 1914 καὶ

139 1932 245 1971 τουτὶ
265 1932 308 1971 τὸ
330 1932 533 1984 ψήφισμα.
576 1936 844 1972 ΨΗΦΙΣΜΑ.
866 1934 947 1973 Τὰς
967 1933 1039 1981 μὲν
1062 1932 1286 1983 εὐεργεσίας
1310 1950 1342 1970 κ.
1359 1948 1392 1970 τ.
1410 1936 1448 1970 λ.
1497 1931 1655 1971 Caussa

140 1987 328 2027 defectus
345 1993 433 2028 tam
454 1988 677 2028 manifesta
698 1993 773 2036 est,
797 1993 844 2028 ut
865 1987 1039 2027 indicari
1060 2001 1142 2026 non
1164 1991 1322 2041 poscat.
1372 1986 1624 2027 SCHAEF.

197 2055 293 2096 471,
320 2057 354 2083 2.
388 2045 777 2099 ἀνταπολαμβάνειν]
821 2043 973 2084 Rarius
1004 2044 1246 2083 Vocabulum
1281 2043 1655 2093 ἀνταπολαμβάνειν

140 2114 191 2139 ex
214 2100 253 2139 h.
276 2100 301 2139 l.
324 2100 487 2140 notavit
510 2101 671 2140 Suidas.
707 2101 753 2140 F.
779 2101 831 2140 A.
852 2099 1041 2139 WOLF.
1104 2099 1318 2139 Notarunt
1340 2099 1468 2139 etiam
1491 2098 1651 2138 Anecd.

142 2156 274 2195 Bekk.
297 2171 334 2209 p.
361 2157 425 2206 78,
450 2171 488 2211 3.
512 2161 554 2197 et
575 2169 670 2208 407,
694 2170 754 2206 ¹4·
797 2156 1048 2197 SGHAEF.

198 2214 235 2252 οἱ
255 2213 572 2265 προϋπάρχοντες
594 2216 643 2267 τῷ
665 2218 793 2253 ποιεῖν
815 2213 876 2268 εὖ]
912 2211 1183 2251 Scribendum
1206 2211 1371 2251 videtur
1394 2212 1430 2250 οἱ
1458 2210 1652 2262 προϋπάρ-

141 2285 278 2320 χοντες
299 2273 366 2308 τοῦ
392 2274 519 2309 ποιεῖν
543 2270 594 2309 εὗ.
630 2268 879 2309 SEAGER.
903 2268 1021 2308 Diar.
1045 2267 1213 2307 Olassie.
1235 2269 1302 2320 56.
1327 2282 1367 2321 p.
1396 2278 1488 2319 257.
1550 2267 1655 2307 Con-

142 2324 383 2364 structionis
406 2339 498 2364 cum
520 2325 660 2366 dativo
678 2340 804 2364 unum
827 2325 904 2364 hoc
922 2324 1155 2378 exemplum
1176 2323 1322 2363 attulit
1341 2323 1396 2363 H.
1417 2323 1655 2376 Stephanus

141 2380 182 2419 in
206 2380 433 2420 Thesauro.

199 2449 294 2487 471,
319 2439 357 2476 6.
380 2440 519 2478 παῖδας
541 2436 593 2491 εἰ]
629 2437 670 2476 A
692 2437 781 2476 loco
803 2451 878 2477 suo
898 2437 1081 2490 paullum
1112 2440 1319 2475 remotam
1350 2435 1599 2488 particulam
1623 2437 1656 2475 εἰ

142 2507 263 2532 nemo
294 2492 530 2541 mirabitur,
554 2493 621 2546 qui
645 2493 802 2547 cogitet
826 2493 905 2532 vim
928 2493 1147 2533 verborum
1169 2492 1257 2532 τοὺς
1278 2495 1344 2530 τοῦ
1366 2493 1539 2531 τοιούτου
1567 2495 1655 2531 παῖ-

143 2552 222 2594 δας,
245 2563 353 2602 quae
385 2549 612 2602 principem
639 2549 714 2588 sibi
747 2549 787 2588 in
817 2548 1006 2588 oratione
1040 2549 1175 2587 locum
1211 2548 1451 2600 poscebant.
1515 2547 1655 2587 Simile

142 2604 240 2644 illud
262 2620 302 2658 p.
324 2618 420 2658 493,
443 2617 483 2658 5.
508 2606 569 2644 καὶ
591 2606 678 2647 τοὺς
699 2607 929 2656 προγόνους,
951 2606 1165 2655 ὀργίζεσθε,
1190 2605 1259 2643 ἐὰν
1282 2621 1313 2642 κ.
1337 2620 1371 2642 τ.
1394 2609 1434 2643 λ.
1496 2603 1553 2643 Et
1578 2603 1655 2644 La-

142 2661 325 2701 tinorum
357 2662 531 2700 eundem
568 2676 725 2700 morem
758 2675 847 2700 esse
880 2660 1165 2714 ponendarum
1198 2658 1537 2712 conjunctionum
1565 2659 1656 2713 quis

143 2717 335 2771 ignorat?
365 2719 414 2756 F.
439 2718 492 2757 A.
512 2717 703 2757 WOLF.
767 2717 926 2757 Eadem
958 2715 1269 2756 constructione
1297 2730 1336 2769 p.
1358 2719 1454 2769 463,
1481 2727 1545 2756 22.
1570 2716 1657 2757 τοὺς

142 2775 331 2824 πρότερον
364 2774 601 2823 ποιήσαντας
638 2775 707 2814 ἐὰν
740 2773 988 2823 ἠδικημένους
1023 2775 1095 2822 ἴδῃ.
1148 2787 1187 2825 p.
1218 2774 1316 2823 467,
1352 2783 1416 2823 25.
1451 2773 1575 2822 κύριος
1608 2771 1656 2811 ἂν

142 2829 311 2880 γένηται.
357 2844 433 2883 pro
465 2844 546 2883 quo
579 2831 704 2881 κύριος
737 2832 770 2869 εἷ
800 2829 1008 2881 γενήσεται
1040 2843 1079 2882 p.
1111 2838 1203 2879 700,
1230 2840 1266 2877 7.
1307 2842 1347 2881 p.
1369 2838 1464 2880 473,
1489 2839 1550 2867 12.
1574 2827 1655 2867 εἶτα

143 2889 261 2925 ταῦτα
284 2890 353 2925 νῦν
375 2888 408 2925 εἰ
434 2887 507 2938 χρὴ
531 2887 639 2937 κύρια
661 2886 759 2926 εἶναι
781 2888 1020 2934 σκοποῦμεν,
1056 2884 1125 2923 ubi
1158 2897 1255 2924 cave
1286 2897 1515 2937 pronomen
1536 2886 1656 2923 ταῦτα

143 2941 376 2994 ε)ἠΐῆθῒίοε>
403 2942 555 2994 jungas
584 2943 709 2981 verbo
742 2945 975 2991 σκοποῖμεν.
1017 2956 1055 2994 p.
1078 2953 1174 2993 475,
1201 2953 1258 2993 ¹3·
1280 2939 1437 2989 μάθοιτε
1471 2941 1509 2978 δὲ
1543 2943 1654 2978 τοῦτο
