1997 3256
540 160 861 201 ADVERSUS
896 161 1222 202 LEPTINEM.
1555 163 1638 204 703

130 265 282 306 Italum
305 266 419 319 sequi
443 266 594 306 malim.
657 266 811 307 Statim
834 267 941 306 euim
972 267 1145 321 legimus
1173 269 1269 307 διότι
1297 268 1422 306 ἐκεῖνο
1450 268 1638 318 ἀγνοοῦ-

128 338 216 361 σιν.
260 321 509 363 SCHAEF.

183 391 279 430 493,
311 389 373 428 17.
407 382 580 430 χαλκοῦς
613 378 938 429 ἱστάναι-πλὴν
969 379 1123 431 τούτου]
1178 378 1256 418 Est
1296 378 1406 432 apud
1449 383 1637 418 nostrum

126 447 251 486 saepe
272 437 448 485 χαλκοῦν
469 436 554 473 τινὰ
576 434 742 480 ἱστάναι,
766 450 928 475 aeneam
956 442 1128 475 statuam
1161 434 1287 473 αἶίσιιί
1309 449 1467 487 ponere.
1518 435 1636 474 (Jonf.

129 488 421 529 Hemsterhus.
443 490 496 529 ad
523 490 693 530 Luciam.
715 491 792 529 vol.
816 504 849 530 ι.
872 506 911 544 p.
938 494 1024 543 165.
1074 492 1124 529 F.
1149 491 1201 529 A.
1222 490 1415 529 WoLF.

182 559 279 598 493,
303 548 360 584 18.
380 546 482 594 πλὴν
500 545 654 599 τούτου]
685 546 852 586 Scilicet
873 550 941 585 τοῦ
961 547 1105 585 διδόναι
1126 545 1195 594 τὴν
1212 545 1406 585 ἀτέλειαν.
1442 546 1635 585 REISK.

125 601 305 654 Eae-epta
336 602 594 649 imnmnetate,
622 602 676 641 ad
703 603 873 641 velbum
906 609 1055 654 excepto
1090 616 1140 649 eo,
1169 601 1214 640 <le
1245 615 1319 654 quo
1354 600 1461 640 uobis
1491 601 1637 654 agritia:

126 656 194 695 Sic
226 657 359 696 locum
391 657 498 696 add(
530 657 592 704 iis7
618 672 723 710 quac
748 657 924 711 explicui
946 658 1000 697 ad
1022 672 1058 710 p.
1078 670 1172 705 471,
1196 669 1255 695 12.
1318 656 1381 695 De
1409 657 1572 696 infinito
1594 658 1637 696 τὸ

126 716 239 762 τιμᾶι
261 713 405 752 itidem
428 713 491 767 egi
516 713 737 766 supe1·.ius
726 714 779 753 ad
802 728 840 766 p.
858 724 953 765 4ς7,
975 714 1034 752 18.
1087 713 1134 751 F.
1159 714 1213 751 A
1235 712 1292 749 W
1298 712 1425 750 ‹JLIu

181 768 269 822 μὲι]
303 769 416 808 Male
437 770 514 808 ab(
509 776 553 808 st
578 770 631 808 ab
653 769 814 822 aliquot
835 769 953 808 codd.
1007 769 1205 808 Refertul
1226 768 1338 808 enim
1359 768 1413 807 ad
1435 770 1540 808 ἀλλὰ
1561 769 1636 818 μὴν

126 838 165 877 p.
186 838 285 876 494,
309 826 344 863 8.
389 826 452 865 S(
460 825 516 863 IL
515 825 584 864 &E
590 825 638 864 F.

181 893 277 933 493,
304 893 366 919 20.
396 880 664 934 καταλείπειν]
700 880 784 919 Alii
818 884 1058 920 καταλιπεῖν.
1121 880 1278 920 Utrum
1304 884 1491 933 praestet
1513 880 1635 920 docet

126 936 236 988 quod
258 936 410 989 legitur
430 951 467 989 p.
491 951 589 986 494,
610 950 622 974 1
641 950 670 976 1.
715 937 866 976 SCHA
878 936 965 975 EF.

182 991 322 1046 φήσει]
362 992 446 1030 Alii
484 992 577 1031 libri
615 994 716 1043 φησί
754 992 820 1032 hic
856 998 896 1032 et
924 1007 964 1045 p.
990 1005 1086 1044 494,
1117 993 1155 1031 8.
1226 991 1408 1045 Tempus
1448 992 1635 1032 futurum

123 1052 285 1100 spectat
318 1048 373 1087 ad
404 1048 648 1092 orationem,
672 1064 754 1102 qua
780 1048 980 1101 Leptines
1011 1048 1262 1102 respondere
1291 1047 1447 1088 debuit.
1509 1048 1574 1087 Ac
1602 1049 1636 1088 si

122 1103 208 1142 fere
236 1103 414 1156 judicari
449 1109 589 1157 potest
615 1105 797 1145 varietas
828 1105 941 1153 hacc,
964 1119 1088 1157 quam
1119 1103 1237 1143 multi
1268 1104 1426 1143 habent
1455 1104 1524 1144 alii
1556 1105 1633 1144 loci

123 1165 353 1199 oratorum.
396 1160 511 1200 Conf.
537 1175 643 1213 quae
665 1161 809 1214 scripsi
831 1160 883 1200 ad
905 1175 944 1214 p.
969 1162 1065 1210 488,
1091 1172 1156 1212 27.
1199 1161 1247 1199 F.
1272 1161 1323 1199 A.
1349 1159 1404 1197 W
1409 1160 1536 1199 OLF.

178 1228 276 1268 493,
300 1228 363 1254 22.
389 1217 429 1255 τί
446 1219 519 1267 γὰρ
542 1218 652 1256 ἔσται
672 1219 915 1267 πιστότερον,
939 1217 982 1255 τὸ
1003 1219 1067 1266 τῆς
1089 1217 1237 1258 εἰκόνος
1258 1215 1278 1265 ἦ
1301 1216 1343 1255 τὸ
1361 1219 1424 1265 τῆς
1446 1217 1635 1266 σιτήσεως

121 1269 144 1320 ἢ
172 1271 215 1309 τὸ
243 1274 308 1320 τῆς
339 1273 529 1318 ἀτελείας,
556 1272 604 1321 ἣν
629 1274 818 1324 πρότερόν
845 1289 923 1312 τισι
954 1274 1086 1314 δόντες
1117 1272 1358 1326 ἀφῃρημένοι
1389 1272 1632 1326 φανεῖσθε;]

123 1327 295 1367 Comma
328 1333 423 1380 post
454 1330 684 1379 πιστότερον
717 1329 898 1382 positum
931 1329 1141 1368 deleatur:
1174 1342 1269 1367 nain
1299 1330 1338 1367 τί
1362 1345 1402 1367 π.
1430 1328 1470 1367 h.
1498 1328 1523 1368 l.
1551 1343 1633 1368 non

122 1382 333 1437 significat·
354 1383 454 1436 qzce'cl
473 1384 545 1423 sed
568 1385 637 1437 qni
657 1385 943 1439 maffl'sficlum,
966 1389 1014 1424 ut
1035 1385 1073 1423 τί
1089 1385 1262 1434 βελτίων
1277 1398 1316 1436 p.
1335 1398 1400 1434 94,
1419 1398 1457 1433 4.
1479 1397 1575 1437 501,
1595 1398 1633 1437 9.

122 1439 231 1492 quod
262 1440 520 1493 comparavit
542 1441 775 1480 DobraeuS.
837 1441 969 1491 Quem
999 1440 1040 1479 in
1063 1440 1198 1480 verbis
1228 1439 1428 1493 proximis
1460 1440 1634 1480 offendit

121 1494 144 1544 ἢ
165 1495 208 1534 τὸ
229 1495 401 1535 diversis
424 1496 610 1536 sensibus
632 1497 922 1550 accipiendum
940 1513 947 1536 ε
981 1497 1090 1549 quod
1112 1496 1418 1535 incommodum
1448 1496 1635 1535 minuere

121 1550 217 1591 licet
239 1552 282 1590 τὸ
303 1557 403 1591 aute
420 1555 485 1601 τῆς
507 1553 696 1602 σιτήσεως
711 1553 907 1599 tollendo,
924 1567 1004 1606 quo
1026 1557 1113 1592 tres
1136 1552 1254 1591 codd.
1273 1557 1431 1592 carent.
1484 1552 1634 1592 Sellae-

120 1608 207 1647 fero
230 1608 291 1647 καὶ
312 1608 354 1647 τὸ
376 1611 443 1658 τῆς
465 1608 654 1658 σιτήσεως
676 1609 940 1649 scribendum
962 1609 1194 1648 videbatur.

177 1677 273 1716 493,
302 1676 367 1714 24.
400 1667 433 1704 εἰ
462 1667 582 1714 μηδὲν
614 1666 758 1714 ἔμελλε
789 1666 887 1718 etc.]
927 1666 1108 1704 Efiamsz'
1138 1665 1216 1712 hoe,
1250 1664 1355 1717 quod
1387 1664 1496 1704 modo
1531 1664 1634 1711 eliani,

120 1719 228 1759 nullo
239 1727 359 1773 pacto
383 1721 665 1760 incommodam
683 1722 876 1775 fictarum.
897 1728 998 1769 esset.
1023 1736 1106 1769 seu.
1129 1721 1285 1760 etiamsi
1305 1720 1399 1759 haec
1419 1720 1637 1773 dg'ffi'cccltczs

120 1788 197 1814 ozon
227 1782 317 1815 esset
335 1777 502 1829 futura.
564 1779 750 1829 δυσχερὲς
777 1778 921 1817 eodem
951 1778 1036 1817 fere
1067 1791 1204 1824 sensu,
1228 1791 1309 1829 quo
1330 1782 1455 1816 antea
1476 1791 1515 1829 p.
1537 1791 1635 1826 49],

125 1842 202 1883 17.,
225 1836 268 1871 et
288 1834 408 1881 μηδὲν
429 1838 494 1872 est
522 1837 712 1882 μηδαμῶς,
737 1833 845 1873 mello
876 1833 998 1879 modo,
1022 1833 1083 1872 uti
1113 1846 1236 1885 saepe
1257 1833 1369 1872 οὐδὲν
1390 1838 1432 1872 et
1453 1834 1572 1882 μηδὲν
1593 1832 1634 1871 in

124 1887 293 1927 Atticis.
347 1888 465 1928 Haec
488 1888 653 1928 tantilla
675 1903 740 1928 res
761 1890 940 1928 fortasse
957 1888 1122 1928 vexavit
1145 1888 1293 1942 intpp..
1311 1893 1359 1927 ut
1380 1888 1635 1941 conjicerent

120 1947 195 1983 aut
218 1945 251 1983 εἰ
270 1946 390 1993 μηδὲν
409 1945 553 1993 ἔμελλε
575 1945 710 1984 τοιοῦτ’
728 1946 903 1990 ἔσεσθαι,
922 1949 997 1984 aut
1019 1946 1052 1984 εἰ
1072 1943 1154 1994 μηδ’
1173 1945 1317 1993 ἔμελλε
1338 1943 1437 1983 τοῦτ’
1457 1945 1634 1990 ἔσεσθαι,

120 2004 194 2039 aut
227 2001 260 2038 εἰ
290 2002 410 2050 μηδὲν
437 2001 606 2050 ἔμελλεν
632 2002 673 2040 ἐκ
703 2001 784 2053 (vel
815 2001 911 2050 ἀπὸ)
939 2002 1085 2040 τούτων
1117 2001 1281 2040 ἔσεσθαι
1312 2003 1509 2052 δυσχερὲς,
1543 2000 1633 2039 ἀλλ’

121 2055 198 2094 οὐδ’
215 2057 341 2094 ἐκεῖνό
369 2072 415 2107 γε
444 2060 568 2098 καλῶς
582 2081 649 2096 —.
684 2057 731 2096 F.
759 2058 808 2096 A.
830 2056 1017 2096 WOLF.
1079 2057 1193 2096 οὐδὲν
1214 2060 1257 2095 et
1286 2057 1406 2105 μηδὲν
1427 2055 1485 2095 sic
1518 2071 1634 2095 usur-

120 2115 223 2164 pata
253 2125 335 2150 non
358 2112 598 2151 Atticorum
624 2127 674 2166 p1
676 2113 793 2166 oplia
814 2117 923 2160 sunt,
947 2112 1018 2152 sed
1041 2111 1276 2152 communia
1297 2111 1483 2150 omnium
1506 2112 1636 2152 Grae-

120 2180 274 2206 corum.
338 2167 538 2208 Similiter
568 2168 883 2223 intelligendum
911 2169 947 2208 τί
968 2183 1003 2207 v.
1030 2180 1108 2217 22„
1138 2167 1171 2207 si
1200 2181 1293 2207 mea
1322 2182 1388 2208 me
1420 2182 1502 2208 non
1529 2168 1635 2208 fallit

120 2222 311 2276 suspicio.
356 2224 465 2264 SOH
473 2224 607 2263 AEF.

175 2292 272 2332 493
298 2281 362 2319 26.
385 2280 903 2333 ἃπαινταςψεύεργετοῦσιν]
935 2281 1072 2320 Omnes
1097 2279 1231 2332 (etiam
1259 2279 1389 2318 minus
1416 2279 1637 2333 insismibus

119 2334 164 2374 in
194 2349 316 2388 remp.
342 2337 492 2376 meritis
522 2337 762 2390 conspicuos)
787 2351 955 2390 prorsus
989 2336 1131 2376 iisdem
1157 2336 1356 2389 praemiis
1390 2335 1634 2389 diquabitur,

119 2390 260 2444 quibus
290 2406 359 2439 eos,
392 2406 557 2445 quorum
591 2393 734 2432 merita
763 2399 854 2432 ιςιιηί
886 2392 1063 2432 maoeima
1093 2398 1127 2431 et
1158 2391 1420 2444 amplissima.
1483 2392 1635 2431 Casum

119 2446 293 2487 tertium
320 2461 412 2486 cum
434 2448 569 2487 verbis
593 2452 666 2488 τῶν
688 2449 814 2488 αὐτῶν
836 2453 1124 2488 constructum
1156 2461 1276 2486 nenio
1308 2446 1475 2500 ignorat
1497 2448 1558 2486 vel
1585 2462 1636 2487 ex

119 2517 196 2542 usu
221 2503 397 2543 Latinae
419 2504 595 2558 linguae.
642 2504 690 2543 F.
713 2505 766 2544 A.
788 2504 978 2543 WOLF,

184 2563 262 2598 τῶν
310 2559 455 2614 αὐτῶν]
520 2560 711 2614 Intellige
761 2560 962 2599 honorem
1010 2563 1178 2599 statuae
1223 2558 1374 2612 jusque
1423 2558 1635 2612 epulandi.

122 2614 371 2655 SCHAEF.

176 2684 272 2724 493,
299 2673 363 2710 28.
370 2671 571 2734 μεγάλων
590 2689 663 2721 μεν
685 2688 754 2711 ουν
776 2672 1010 2722 εὐεργεσιῶν
1032 2688 1065 2710 κ.
1086 2687 1116 2710 τ.
1141 2676 1164 2709 λ
1172 2671 1201 2723 .]
1238 2669 1451 2709 Videlicet
1482 2684 1635 2724 magna
1667 2700 1674 2706 .

120 2726 321 2767 beneficia
343 2727 493 2767 civium
522 2742 604 2767 non
633 2728 767 2767 solent
787 2742 877 2767 esse
908 2726 985 2766 nisi
1018 2726 1059 2765 in
1089 2725 1252 2780 magnis
1273 2724 1437 2765 casibus
1457 2725 1632 2788 reipubl.

121 2782 387 2823 Contralium
415 2790 480 2824 est
510 2785 553 2824 ἐν
583 2785 773 2837 πολιτεία,
804 2783 926 2823 salvis
961 2781 1082 2829 rebus,
1115 2781 1263 2835 republ.
1293 2780 1381 2820 bene
1410 2782 1630 2822 constituta.

122 2837 258 2891 Supla
287 2854 327 2892 p.
354 2842 450 2893 463,
482 2852 547 2880 21.
575 2842 697 2891 ἄνπερ
728 2841 751 2890 ἡ
788 2841 904 2880 πόλις
937 2837 973 2893 ᾗ.
1017 2838 1065 2877 F.
1095 2838 1149 2877 A.
1176 2837 1232 2875 W
1238 2836 1366 2876 OLF.
1428 2838 1472 2876 ἐν
1505 2838 1635 2892 εἰρήνη

121 2895 183 2933 καὶ
222 2897 412 2949 πολιτεία,
446 2896 564 2949 pacis
609 2903 775 2950 tempore
820 2895 941 2948 ‘inque
987 2893 1336 2934 adme‘m'stmtzone
1379 2880 1631 2947 reipublicae.

123 2948 372 2990 SCHAEF.
