1997 3256
340 149 424 191 940
679 148 1002 189 ADVERSUS
1036 149 1523 192 ARISTOGRATEM.

341 258 528 294 veterum
551 253 662 293 dicta
687 254 833 294 attulit
856 254 983 308 Hugo
1006 255 1180 296 Grotius
1202 256 1253 296 de
1279 256 1372 310 jure
1399 256 1493 296 belli
1519 262 1562 297 et
1590 256 1705 311 pacis
1726 270 1767 310 3,
1790 270 1803 296 1
1818 271 1852 298 1.

344 320 380 361 7.
405 324 445 362 p.
470 310 564 360 872.
588 310 651 349 ed.
676 310 869 350 Francof.
915 311 1151 352 WEBER.

399 368 494 416 669,
516 377 556 418 5.
581 366 623 405 ἓν
644 368 716 415 μὲν
738 367 920 407 ἁπάντων
941 370 1108 420 πρῶτον]
1148 368 1273 409 Refer
1293 369 1347 409 ad
1375 371 1472 419 μετὰ
1493 372 1612 409 ταῦτα
1634 371 1675 410 δὲ
1696 384 1736 423 1).
1760 371 1854 422 670,

344 434 408 462 20.
449 422 706 462 SCHAEF.

396 479 602 528 μισθωὸεὶς
631 478 978 531 ὑπὸἸφικράτους]
1021 479 1096 519 Illo
1127 483 1328 534 tempore,
1356 496 1438 534 quo
1470 481 1706 535 Iphicrates
1737 496 1856 522 occu-

340 539 465 587 patus
486 540 578 574 erat
599 536 884 588 recuperanda
907 536 1237 577 Atheniensibus
1256 538 1514 578 Chersoneso
1535 543 1578 577 et
1600 538 1855 592 Amphipoli.

343 591 501 630 Missus
523 596 615 631 erat
644 591 686 630 in
714 591 805 632 illas
830 592 1020 645 regiones
1043 593 1205 647 Olymp.
1227 605 1317 646 107,
1341 608 1380 648 3.
1406 594 1505 646 (vid.
1528 594 1726 634 Aeschin.
1748 599 1855 635 orat.

341 647 392 686 (le
423 647 511 687 sals.
540 647 665 701 legat.
692 663 731 701 p.
762 662 829 702 31.
877 645 1139 688 ῙΥ1111011ῈΙςὶἰ
1172 655 1394 690 comment.
1417 665 1456 704 p.
1479 651 1588 704 39.);
1622 651 1693 690 ubi
1719 665 1855 691 versa-

340 703 467 744 batur
488 703 717 757 imperator
738 719 868 758 usque
890 706 944 745 ad
963 705 1124 759 Olymp.
1148 720 1238 758 104,
1260 720 1274 745 1
1288 739 1310 755 .,
1336 721 1416 760 quo
1437 712 1626 760 tempore
1647 707 1684 747 ei
1706 707 1856 747 substi-

342 765 460 799 tutus
492 766 556 801 est
584 760 829 801 Timotheus
859 761 959 814 (vid.
990 762 1166 802 Diodor.
1196 776 1256 817 15,
1283 770 1358 817 314)
1389 763 1458 817 qui
1492 763 1771 803 Athenienses
1803 764 1856 803 ad

339 817 669 869 recuperandam
701 817 1010 858 Chersonesum
1042 819 1277 873 neglectam
1307 820 1542 873 impulerat.
1607 820 1780 860 Isocrat.
1805 821 1857 859 de

340 872 489 913 Antid.
513 886 604 926 119.
628 889 667 927 p.
690 886 788 927 447.
821 875 1054 914 WEBER.

398 931 492 979 669,
510 940 547 980 7.
573 931 870 982 ἀποστράτηγον
892 931 1118 985 ἐποιήσατε]
1158 936 1451 984 στρατηγοῦντα
1472 934 1681 972 ἐπαύσατε.
1725 933 1856 973 Phra-

339 984 396 1024 sis
435 999 457 1025 e
498 986 738 1027 rarioribus.
803 987 856 1027 V.
884 988 1189 1028 Valckenarius
1230 989 1270 1028 in
1306 989 1495 1029 Piersoni
1536 989 1763 1029 annotione
1802 990 1857 1029 ad

342 1041 509 1081 Moerin
530 1057 570 1095 p.
594 1056 692 1094 401.
714 1058 765 1091 a..
789 1044 858 1097 qui
886 1044 1032 1084 scribit
1058 1046 1248 1094 ὀξυτόνως
1276 1047 1580 1097 ἀποστρατηγός.
1643 1045 1759 1096 Quae
1789 1060 1856 1086 ac-

340 1103 485 1137 centus
514 1098 734 1139 fluctuatio
762 1099 803 1139 in
833 1100 923 1140 aliis
948 1101 1076 1141 etiam
1107 1101 1230 1155 hujus
1262 1101 1441 1142 familiae
1464 1102 1705 1155 compositis
1727 1103 1857 1142 cerni-

340 1158 422 1194 tur.
470 1153 590 1195 Conf.
615 1161 702 1196 not.
728 1156 782 1196 ad
805 1157 933 1197 schol.
958 1157 1153 1210 Apollon.
1180 1158 1315 1198 Rhod.
1341 1173 1380 1211 p.
1401 1171 1491 1211 17¹·
1535 1159 1793 1198 SCHAEF.

399 1212 576 1264 669,10.
610 1211 916 1263 παρ’Ἃρπάλου
943 1215 1098 1265 λαβὼν]
1136 1214 1248 1254 Nota
1284 1214 1349 1254 hic
1382 1214 1561 1269 Harpali
1597 1229 1759 1263 nomen.
1786 1215 1855 1269 qui

340 1266 526 1306 diversus
557 1269 611 1308 ab
634 1269 827 1322 Harpalo
855 1284 914 1318 eo,
938 1270 1008 1324 qui
1039 1275 1187 1323 postea
1215 1271 1505 1311 Alexandrum
1534 1271 1696 1326 fugiens
1724 1271 1856 1312 Athe-

339 1337 414 1363 nas
436 1324 560 1365 venit.
595 1325 805 1365 VALES.
829 1327 883 1366 ad
908 1328 1116 1380 Harpocr.
1140 1342 1180 1381 p.
1202 1331 1300 1381 346.

397 1382 494 1432 669,
520 1393 580 1421 12.
612 1385 679 1421 τοῦ
706 1383 757 1432 μὴ
784 1387 930 1433 λαβεῖν
945 1382 1190 1435 Ἀμφίπολιν
1211 1383 1310 1424 τοῦτ’
1331 1385 1508 1434 ἐμποδὼν
1532 1383 1716 1437 κατέστη]
1756 1383 1856 1424 Vid.

339 1451 378 1489 p.
402 1438 496 1488 670.
560 1438 624 1478 De
655 1440 939 1492 recuperanda
973 1439 1225 1494 Amphipoli,
1253 1445 1299 1480 ut
1330 1440 1445 1494 prius
1476 1441 1529 1480 ab
1560 1440 1651 1480 aliis
1682 1441 1857 1480 ducibus

340 1492 677 1542 Atheniensium,
710 1495 769 1535 ita
806 1511 915 1536 nunc
949 1496 1111 1550 Olymp.
1137 1510 1227 1550 105,
1250 1510 1283 1536 Ι.
1309 1512 1335 1537 a
1368 1497 1603 1545 Timotheo,
1635 1512 1719 1537 non
1752 1497 1856 1537 satis

340 1549 469 1603 copiis
490 1550 710 1597 instructo.
735 1552 953 1592 infeliciter
977 1558 1210 1607 pugnatum
1232 1561 1307 1593 est.
1331 1558 1378 1593 ut
1400 1559 1579 1607 apparet
1601 1568 1622 1593 e
1645 1553 1856 1607 Polyaeno

338 1618 378 1658 3,
402 1619 465 1652 10,
493 1608 543 1655 8.,
567 1608 779 1649 scholiast.
804 1609 1028 1649 Aeschinis
1050 1625 1088 1664 p.
1110 1622 1203 1664 755.
1227 1609 1431 1650 Clintonis
1454 1610 1570 1650 Fast.
1597 1610 1760 1650 Hellen.
1778 1610 1856 1650 vol.

341 1674 378 1701 2.
400 1677 440 1716 p.
462 1676 552 1705 120.
580 1664 841 1704 Winiemkii
874 1667 1184 1706 commentariis
1214 1681 1252 1720 p.
1275 1679 1344 1720 39.
1372 1671 1416 1706 et
1444 1666 1697 1706 Boehneckii
1724 1666 1857 1718 Quac-

339 1718 544 1759 stionibus
566 1721 643 1761 vol.
665 1735 699 1761 1.
721 1736 760 1775 p.
781 1723 883 1773 146:
918 1737 1042 1776 quam
1064 1737 1151 1763 rem
1171 1729 1315 1763 orator
1340 1723 1488 1763 callide
1509 1723 1569 1764 ita
1589 1723 1788 1778 proponit
1808 1739 1857 1765 ac

338 1774 372 1813 si
403 1775 517 1815 fraus
547 1777 787 1818 Charidemi
827 1779 1088 1832 prohibuerit
1124 1779 1240 1819 urbis
1277 1779 1641 1834 expugnationem.
1704 1780 1856 1831 Quam—

339 1846 464 1884 quam
494 1833 775 1874 Athenienses
807 1835 1066 1889 speraverint
1095 1836 1421 1890 Amphipolitas,
1451 1836 1485 1876 si
1517 1836 1682 1876 obsides
1713 1851 1856 1877 eorum

339 1889 523 1929 Athenis
554 1890 771 1940 haberent,
804 1907 879 1932 sua
911 1897 1059 1946 sponte
1090 1892 1131 1932 in
1163 1893 1349 1946 ipsorum
1380 1907 1422 1933 se
1454 1892 1579 1933 fidem
1610 1893 1854 1934 tradituros.

338 1944 572 1987 WEBER.

396 2003 491 2052 669,
517 2016 578 2056 13.
611 2004 875 2054 μισθουμένου
895 2004 1279 2054 Τιμοθέου-αὐτὸν
1308 2006 1370 2045 καὶ
1402 2006 1444 2045 τὸ
1479 2006 1716 2058 στράτευμα]
1759 2006 1856 2046 Cum

343 2057 564 2098 Timotheus
584 2060 652 2101 lcoc
673 2067 815 2114 afferet.
839 2067 881 2101 ut
905 2061 969 2101 ille
989 2076 1106 2102 arma
1128 2061 1207 2102 sibi
1223 2063 1410 2116 ιχίιηῃεῑττ
1437 2062 1609 2103 mercede
1630 2062 1854 2102 conductus.

340 2114 593 2155 SCHAEF.

397 2172 491 2222 669,
518 2184 582 2210 22.
607 2173 668 2212 καὶ
689 2177 767 2214 τοῖς
789 2173 964 2227 ἔχουσιν]
997 2174 1062 2214 Ϊ)0
1093 2174 1270 2214 articulo
1298 2174 1479 2228 repetito
1501 2189 1536 2214 v.
1559 2175 1614 2214 ad
1636 2190 1673 2229 p.
1698 2176 1793 2226 664,
1815 2189 1856 2227 4.

339 2226 488 2280 quibus
528 2228 691 2268 tollitur
731 2229 942 2269 dubitatio
985 2230 1210 2271 Thirlwalli
1250 2231 1365 2271 Hist.
1405 2232 1477 2271 Gr.
1511 2231 1588 2271 vol.
1625 2245 1663 2285 5.
1696 2246 1734 2284 p.
1763 2232 1854 2284 185.

339 2283 611 2338 Amphipolin
640 2285 681 2324 in
705 2285 1010 2340 Olynthiorum.
1036 2287 1104 2341 qui
1127 2287 1299 2327 urbibus
1323 2286 1568 2328 Chalcidicis
1599 2292 1854 2341 praeessent,

337 2339 463 2379 fidem
491 2355 534 2381 se
563 2342 785 2382 contulisse
814 2342 853 2382 in
878 2357 1008 2396 eaque
1029 2343 1154 2383 fuisse
1177 2343 1339 2398 Olymp.
1362 2358 1452 2398 105.
1476 2358 1514 2397 3,
1538 2358 1620 2397 quo
1641 2358 1751 2384 anno
1772 2344 1855 2384 bel-

338 2396 422 2436 lum
444 2397 594 2438 sociale
617 2399 769 2453 erupit,
792 2405 938 2440 narrat
967 2400 1146 2453 scriptor
1170 2401 1406 2454 argumenti
1428 2400 1650 2441 Demosth.
1675 2405 1781 2441 orat.
1804 2401 1855 2440 de

338 2453 428 2493 fals.
450 2453 575 2508 legat.
599 2470 639 2508 1).
661 2468 757 2509 334.
788 2457 913 2506 ἔλαβε
941 2456 1028 2508 παρ’
1050 2457 1272 2497 Ὀλυνθίων
1292 2458 1548 2508 Ἀμφίπολιν,
1578 2458 1702 2497 οὖσαν
1734 2460 1856 2506 κτῆμα

337 2512 404 2558 Τῆς
424 2512 575 2553 πόλεως
600 2511 853 2566 (Ἀθηναίων)
878 2515 938 2554 καὶ
959 2513 1006 2563 ἦν
1027 2512 1088 2552 ὑπ’
1104 2513 1342 2559 Ὀλυνθίοις,
1367 2514 1450 2553 καθ”
1468 2513 1514 2553 ὃν
1534 2513 1665 2565 καιρὸν
1687 2513 1855 2563 ἀπέστη-

338 2582 414 2605 σαν
437 2567 498 2606 καὶ
520 2569 556 2607 οἱ
577 2570 787 2621 σύμμαχοι.
852 2569 1021 2609 Monuit
1044 2569 1281 2609 Boehneck.
1306 2570 1476 2621 Quaest.
1494 2570 1573 2609 vol.
1598 2583 1631 2610 1.
1655 2584 1694 2623 p.
1721 2580 1808 2623 145.

395 2624 492 2674 669,
519 2625 583 2663 26.
607 2625 669 2664 καὶ
690 2629 733 2664 τὸ
757 2628 838 2665 δεῖν
860 2625 998 2679 ξένων]
1029 2626 1087 2666 Et
1111 2626 1270 2679 quidem
1286 2633 1453 2680 propter
1473 2626 1653 2680 inopiam
1681 2626 1855 2666 militum

337 2680 679 2720 mercenariam(m.
748 2681 868 2722 Haec
904 2681 1015 2722 enim
1049 2682 1338 2737 adjunguntur
1373 2682 1581 2737 prioribus
1617 2682 1853 2736 explicandi

337 2749 496 2776 caussa.
531 2736 766 2777 WEBER.

395 2793 489 2844 670,
512 2806 551 2842 4.
580 2793 601 2832 ἃ
625 2793 767 2836 πάντες
794 2795 1027 2848 ἐπίστασθε]
1069 2794 1185 2845 Quae
1219 2794 1301 2834 alia
1332 2794 1396 2834 his
1422 2793 1558 2834 verbis
1588 2808 1761 2834 munera
1793 2794 1851 2833 in-

337 2846 561 2901 telligenda
590 2849 688 2897 sint,
711 2865 761 2889 ex
791 2850 877 2904 ipsa
909 2851 1097 2892 oratione
1129 2865 1211 2891 non
1239 2855 1427 2904 apparet.
1452 2851 1493 2889 in
1515 2866 1598 2904 quar
1628 2850 1853 2904 praecipua

336 2902 403 2942 illa
432 2905 453 2954 ἡ
482 2907 660 2946 πολιτεία
689 2911 730 2946 ct
760 2909 796 2946 οἱ
826 2907 1016 2958 στέφανοι
1044 2912 1433 2956 commemorantur,
1461 2907 1538 2947 nisi
1561 2907 1669 2960 quod
1693 2922 1731 2960 p.
1755 2907 1850 2947 682.
