1997 3256
350 166 432 206 700
765 163 1086 204 ADVERSUS
1121 164 1448 204 LEPTINEM.

348 269 680 322 perversitatem.
702 269 841 322 paullo
862 269 952 309 aliis
974 270 1109 309 verbis
1130 275 1172 309 et
1192 270 1350 322 majore
1381 283 1474 308 oum
1496 269 1533 309 vi
1555 269 1729 310 iterasse
1753 271 1863 324 quod

349 325 513 364 brevius
536 325 703 365 dixerat
724 325 764 363 in
787 325 959 378 protasi⁷
982 327 1015 364 εἰ
1036 327 1215 375 ἀναξίους
1238 326 1340 364 εἶναι’
1359 342 1413 366 τις
1434 325 1553 375 φήσει
1575 327 1782 367 κάκείνους.

404 394 500 433 491.
527 394 585 433 ¹3·
609 382 670 420 καὶ
691 381 766 430 μὴν
790 383 826 420 εἴ
844 398 889 431 γε
912 383 1117 432 ὁμολογῶν
1139 399 1171 420 κ.
1189 398 1221 420 τ.
1239 381 1295 434 λ.]
1329 381 1579 421 Dilemmate
1601 382 1865 421 adversarius

348 437 402 476 ab
424 446 603 490 utraque
624 442 744 490 parte
767 437 824 476 sic
847 436 1164 490 constringitur,
1186 442 1232 476 ut
1256 436 1452 490 effugium
1473 437 1541 476 vix
1564 442 1720 490 pateat.
1773 439 1864 478 Aut

349 492 482 532 nullos
513 507 695 546 unquam
727 493 834 533 cives
865 492 1060 546 praemiis
1082 493 1230 547 dignos
1252 492 1400 532 vixisse
1429 492 1649 532 dicendum
1675 493 1767 542 erit,
1791 499 1865 534 aut

349 549 551 602 rempubl.
574 564 672 603 erga
695 564 791 588 suos
814 549 1025 603 ingratam
1048 563 1148 588 esse.
1192 550 1240 588 F.
1265 550 1321 587 A.
1342 548 1534 588 WOLF.

406 618 501 656 491,
523 619 584 655 14.
608 604 742 659 δείξει]
771 604 887 654 δείξει
908 619 1016 644 nunc
1050 605 1147 657 poni
1175 605 1225 644 de
1257 605 1343 644 solo
1374 610 1527 644 conatu
1561 612 1753 658 apertum
1788 610 1863 646 est.

351 662 400 700 F.
423 662 476 700 A.
501 661 689 700 WOLF.
752 661 838 700 Nec
861 661 911 700 de
933 666 1085 701 conatu
1108 660 1422 714 intelligendum
1451 675 1525 700 nec
1554 662 1802 701 mutandum
1824 661 1865 700 in

349 716 468 766 λέξει.
531 717 694 770 Quippe
727 717 862 770 ipsum
894 719 1089 757 δεικνύναι
1117 716 1273 771 passim
1301 717 1408 756 idem
1435 717 1546 756 valet
1577 718 1687 770 quod
1718 719 1864 769 λέγειν.

351 773 404 811 V.
430 773 642 812 Porsonus
664 773 717 813 ad
741 773 931 827 Euripid.
958 773 1174 812 phoeniss.
1198 787 1293 824 540.
1339 773 1591 813 SCHAEF.

405 829 584 882 μηδενὸς]
619 829 785 869 Scilicet
808 831 956 880 ἀγαθοῦ
984 831 1045 868 καὶ
1071 832 1192 868 καλοῦ
1215 831 1275 869 καὶ
1297 830 1410 879 τιμὴν
1432 829 1708 879 προσήκουσαν
1729 829 1864 880 ἐπιφέ-

348 901 498 934 ροντος.
542 885 734 925 REISK.

406 955 500 991 491.
523 954 583 994 15.
609 942 766 981 ἐπειδάν
783 942 1046 993 τις-ἀνάγκη
1070 942 1300 994 φαίνεσθαι]
1331 942 1378 981 Si
1400 942 1500 994 quis.
1523 941 1725 981 insidiosis
1746 955 1866 994 arqu-

348 997 488 1036 mentis
521 1012 627 1038 ιιειιε.
651 997 708 1037 ad
736 1012 795 1037 res
827 1012 901 1037 2201'0
933 1005 1221 1045 consentaneas,
1244 1004 1439 1051 11111ῃιιιιιᾱ
1469 998 1569 1037 male
1600 998 1702 1037 inter
1721 1012 1758 1037 se
1778 1012 1867 1036 eon-

345 1059 509 1106 fflwmt,
542 1054 750 1093 orationem
787 1053 942 1094 subdole
978 1055 1168 1101 traducit,
1199 1068 1341 1094 'arcesse
1376 1061 1428 1093 est
1462 1068 1547 1094 eam
1579 1053 1867 1093 subabsurdum

335 1107 450 1162 fieri.
473 1109 512 1148 11.
536 1124 570 1148 0.
597 1110 651 1149 ila
675 1110 919 1163 ‹lispulando
950 1110 1289 1150 conclusiunculas
1316 1111 1468 1164 ineptas
1495 1117 1530 1150 et
1560 1109 1724 1150 absonas
1747 1110 1865 1149 (wire.

351 1164 529 1217 subjicit
569 1165 647 1205 hoc
687 1172 836 1205 auctor
876 1166 1084 1206 irretitum
1122 1166 1225 1206 satis
1259 1166 1496 1206 dilemmate
1537 1181 1610 1205 suo
1649 1165 1867 1219 Leptinen]

349 1226 508 1260 tenens.
543 1222 590 1260 F.
618 1222 670 1261 A.
690 1222 885 1261 WOLF.
947 1224 1008 1262 ἐπὶ
1029 1224 1080 1272 μὴ
1102 1223 1349 1272 προσήκοντα
1370 1222 1578 1274 πράγματα
1594 1227 1709 1262 verte
1730 1222 1787 1262 acl
1807 1237 1868 1262 Pes

350 1277 515 1325 alienas.
543 1278 568 1317 i.
595 1292 628 1317 e.
660 1279 714 1318 ad
745 1293 811 1318 res
844 1292 936 1317 cum
970 1279 1161 1318 oratione
1196 1293 1278 1317 non
1309 1279 1565 1332 conjunctas.
1599 1279 1653 1318 ad
1686 1293 1790 1332 quas
1823 1280 1867 1318 οὐ

349 1335 579 1382 μετοιστέον
600 1334 667 1373 τὸν
688 1338 826 1386 λόγον.
871 1334 1121 1374 SCHAEF.

406 1392 585 1441 491,16.
620 1391 856 1444 κακουργῶν]
891 1396 1125 1442 κακουργῶν,
1154 1390 1345 1430 oratione
1377 1405 1568 1444 nequam.
1602 1391 1791 1444 captiosa
1822 1395 1867 1431 et

350 1444 549 1485 insidiosa
581 1452 715 1485 utens.
750 1447 944 1487 REISK.
1006 1447 1196 1486 Verbum
1230 1451 1470 1497 κακουργεῖν,
1494 1452 1541 1487 ut
1572 1451 1614 1486 et
1648 1449 1867 1498 κακούργως

350 1515 444 1540 cum
469 1501 558 1541 aliis
590 1502 712 1555 hujus
743 1503 936 1547 familiae.
965 1503 1132 1543 solenne
1163 1509 1265 1556 puto
1298 1503 1348 1542 de
1380 1503 1642 1556 disputatore
1669 1503 1868 1556 captiosis

350 1557 583 1597 rationibus
605 1564 756 1612 agente
787 1565 859 1599 aut
883 1574 1024 1599 verum
1052 1559 1258 1599 malitiose
1281 1559 1528 1599 occultante.
1593 1559 1716 1599 Plato
1739 1560 1866 1613 Gorg.

350 1628 389 1666 p.
411 1618 492 1667 453
519 1616 575 1653 A.
600 1620 642 1654 et
663 1617 744 1667 489
768 1615 815 1654 B.
842 1619 1069 1667 κακουργεῖν
1093 1617 1134 1654 ἐν
1156 1620 1236 1656 τοῖς
1256 1616 1405 1666 λόγοις.
1451 1615 1515 1655 De
1538 1616 1641 1669 Rep.
1668 1630 1698 1654 1.
1721 1631 1760 1669 p.
1784 1629 1858 1668 341

352 1669 399 1709 B.
422 1670 516 1720 πρὸς
538 1674 657 1710 ταῦτα
683 1673 888 1722 κακούργει
915 1672 976 1711 καὶ
999 1672 1248 1722 συκοφάντει.
1314 1671 1371 1711 Et
1402 1672 1539 1725 paullo
1571 1672 1761 1725 superius
1792 1671 1867 1712 ibi-

351 1726 469 1765 dem:
505 1729 591 1766 Οἴει
614 1727 650 1776 μ’
671 1729 710 1776 ἐξ
733 1729 945 1776 ἐπιβουλῆς
975 1729 1016 1766 ἐν
1037 1732 1116 1769 τοῖς
1146 1731 1281 1779 λόγοις
1313 1732 1601 1779 κακουργοῦντα
1626 1730 1670 1767 σὲ
1696 1728 1866 1779 ἐρέσθαι,

351 1783 400 1822 ὡς
420 1782 584 1832 ἠρόμην;
640 1783 752 1823 Hinc
776 1783 986 1823 Aristides
1010 1783 1195 1823 Declam.
1219 1783 1388 1837 Leptin.
1410 1785 1445 1835 ξ.
1471 1797 1531 1835 17.
1549 1784 1689 1838 jungit
1712 1801 1867 1835 κακουρ-

350 1839 440 1888 γίαν
474 1845 515 1878 et
552 1840 835 1890 συκοφαντίαν.
882 1841 932 1879 F.
957 1840 1010 1879 A.
1035 1840 1227 1880 WOLF.
1291 1840 1407 1880 Conf.
1438 1840 1600 1879 Pollux.
1629 1855 1668 1892 4,
1697 1842 1766 1892 48.
1795 1855 1864 1892 419.

352 1893 602 1934 ScHAEF.

407 1964 503 2001 491.
529 1963 585 2000 17.
605 1952 824 2004 δυσχερεῖς]
853 1954 976 2004 Λόγοι
997 1956 1198 2004 δυσχερεῖς
1220 1953 1324 1993 tales
1346 1958 1454 2000 sunt.
1474 1952 1514 1991 in
1533 1967 1636 2006 quos
1656 1952 1868 1992 incurrere

351 2006 453 2046 solet
491 2007 730 2070 disputator
768 2023 834 2047 res
870 2008 1085 2048 dissimiles
1127 2008 1292 2049 fallendi
1332 2009 1471 2063 glatia
1507 2023 1771 2062 componens
1810 2023 1867 2048 η’-

342 2064 575 2117 purmantm
601 2064 702 2103 inte)
721 2078 757 2103 se
777 2071 810 2103 ιτ
831 2063 1022 2104 absmda.
1087 2065 1249 2104 Passim
1279 2080 1327 2105 eo
1349 2080 1471 2105 sensu
1499 2065 1540 2104 in
1564 2064 1769 2119 Metaph)
1773 2064 1867 2104 sicis

353 2118 595 2158 Alistotelis
628 2119 801 2173 legimus
838 2123 884 2159 τὰ
917 2124 1098 2172 δυσχερῆ,
1134 2138 1173 2160 αι
1206 2122 1439 2174 δυσχέρειαι,
1471 2127 1518 2161 ut
1545 2135 1606 2169 11
1632 2122 1668 2161 8.
1696 2136 1737 2174 p.
1768 2123 1864 2172 962.

353 2174 447 2213 Duv
451 2174 516 2214 a.ll
551 2176 600 2214 F.
624 2155 689 2214 A.
697 2176 890 2215 WOLF.
953 2177 1100 2216 Malim
1129 2191 1389 2230 componere
1414 2178 1525 2230 quod
1556 2177 1731 2232 leoimus
1753 2192 1788 2216 v.
1813 2191 1849 2228 7.
1841 2209 1865 2225 .,

351 2232 474 2282 λόγον
496 2232 727 2282 ἀσύμφορον
749 2234 792 2286 τῇ
815 2234 928 2271 πόλει
949 2232 1139 2283 λέγεσθαι
1164 2251 1194 2271 κ.
1213 2250 1244 2272 τ.
1264 2239 1302 2273 λ.
1345 2211 1619 2273 ΞΟΗΑΕῈ.ὃ

408 2300 504 2337 401.
526 2299 589 2326 21.
611 2290 741 2327 τᾶλλα
762 2287 908 2342 πάντα]
943 2288 1110 2328 Scilicet
1132 2291 1351 2340 πράγματα,
1376 2294 1423 2329 ut
1445 2290 1550 2330 bene
1577 2289 1702 2330 schol.
1738 2290 1787 2329 F.
1811 2290 1867 2329 A.

355 2342 546 2382 WOLF.

408 2412 504 2451 49¹2
532 2411 595 2439 22.
618 2400 665 2449 ἠν
688 2401 750 2440 ἐπὶ
770 2400 1038 2455 τοῖς-ἔθεσι]
1066 2400 1303 2441 Pemlebcmt
1323 2416 1341 2441 e
1364 2416 1447 2442 mot·
1452 2401 1545 2442 ibus.
1590 2401 1700 2442 SCH
1706 2401 1840 2441 AEF.

408 2469 541 2506 49120
523 2457 587 2496 26.
610 2456 845 2510 Λυσιμάχῳ]
877 2457 955 2496 Est
978 2457 1042 2496 hic
1068 2457 1127 2510 L}
1131 2458 1339 2497 simachus
1361 2458 1466 2498 filius
1488 2458 1628 2512 magni
1652 2457 1864 2505 Aristidis,

352 2511 393 2550 in
416 2526 576 2552 summa
599 2519 850 2566 paupeitate
872 2513 1068 2561 defuncti
1092 2513 1180 2567 ipse
1202 2514 1382 2567 quidem,
1406 2516 1517 2569 quod
1540 2514 1725 2568 Ulpiano
1745 2514 1867 2554 facile

351 2568 580 2608 cledamus.
616 2568 727 2608 nulla
762 2569 986 2609 admodum
1022 2585 1065 2610 re
1103 2571 1153 2610 de
1189 2571 1345 2610 civibus
1382 2571 1466 2610 suis
1503 2571 1701 2616 meritus;
1742 2574 1790 2609 ut
1824 2570 1866 2609 id

351 2625 523 2676 praemii
554 2639 635 2663 non
668 2640 755 2673 sua
782 2626 854 2665 sed
890 2626 1023 2679 patiis
1054 2641 1201 2667 caussa
1233 2627 1310 2680 ipsi
1341 2627 1486 2667 datum
1515 2627 1716 2666 videatur.
1778 2625 1865 2665 Neo

352 2682 529 2721 fortasse
565 2682 702 2728 verba.
738 2683 795 2722 ἑνὶ
831 2686 906 2722 τῶν
938 2684 1026 2722 τότε
1067 2685 1284 2735 χρησίμων,
1316 2683 1437 2723 aliter
1478 2683 1573 2722 olim
1614 2687 1866 2736 acceperunt

353 2751 477 2790 quam
513 2751 588 2791 pro
624 2738 907 2790 perfunctoria
944 2738 1077 2778 laude.
1141 2739 1248 2790 (Vix
1280 2745 1435 2792 putem.
1480 2739 1594 2778 Infra
1621 2753 1661 2792 p.
1683 2750 1779 2789 492,
1805 2751 1863 2777 11.

352 2793 439 2833 τοὺς
460 2794 651 2845 χρηστοὺς
673 2794 778 2833 dixit
799 2795 975 2834 cundem
1000 2795 1295 2847 Lysimachum
1318 2795 1520 2848 cogitans.
1568 2794 1682 2834 Conf.
1704 2798 1790 2833 not.
1808 2793 1863 2833 ad

352 2863 391 2900 p.
415 2862 509 2899 45o.
532 2863 570 2901 5.
606 2850 876 2899 SCHAEF.)
941 2851 1126 2903 Conjicio
1160 2851 1237 2889 hoc
1274 2865 1324 2890 ex
1361 2851 1421 2897 iis,
1451 2865 1555 2903 quae
1587 2851 1638 2890 de
1674 2849 1864 2903 neglecta.

353 2904 597 2944 educatione
619 2910 661 2945 et
683 2906 866 2946 moribus
892 2906 1068 2945 hominis
1090 2907 1203 2959 apud
1227 2912 1387 2946 veteres
1408 2907 1593 2960 legimus.
1618 2906 1729 2945 velut
1754 2905 1862 2944 plat..
