1997 3256
431 147 491 187 IN
524 148 882 189 ORATIONEM
918 151 1312 191 LEPTINEAMx
1534 149 1616 190 625

107 252 295 292 habitam
315 259 493 299 constat,
518 255 587 294 ubi
620 260 711 295 tota
742 256 842 309 legis
875 256 1214 296 commemoratio
1236 255 1331 295 talis
1352 260 1430 301 est,
1453 254 1615 307 qualem

107 308 281 361 quisque
314 308 518 363 intelligat
549 311 710 351 nonnisi
742 312 792 351 de
825 318 993 366 recepta
1027 318 1071 352 et
1100 312 1260 352 valente
1297 325 1386 350 esse
1418 309 1616 363 potuisse.

105 363 205 403 Jam
237 365 289 404 ab
322 365 399 405 1100
434 365 530 405 111(10
560 371 747 420 1011111010
775 368 874 421 quid
904 370 1060 408 factum
1096 368 1150 407 sit.
1177 368 1228 406 de
1258 365 1517 414 trierarchia,
1541 379 1616 404 nos

106 418 212 471 fugit
234 420 461 461 destitutos
483 422 675 462 omnibus
697 424 944 463 testimoniis
965 428 1196 463 auctorum.

163 475 258 515 Non
288 476 423 516 minus
454 483 595 517 autem
617 479 824 519 variatum
855 488 919 519 est
950 479 988 518 in
1024 484 1144 532 parte
1176 478 1467 531 impensarum,
1491 491 1616 530 quam

105 531 324 571 trierarchi
360 533 468 572 ferre
501 534 723 574 debebant.
789 535 927 573 l‘rimo
959 541 1143 587 tempore
1165 549 1290 586 quum
1320 531 1615 586 quadringenti

105 592 256 635 essent,
289 588 466 627 vidimus
503 590 692 630 triremes
728 591 891 643 publico
928 595 1067 630 sumtu
1103 590 1359 635 aedificatas,
1390 589 1480 627 illos
1516 587 1616 626 nihil

103 643 313 683 addidisse
335 645 385 684 (le
407 659 480 683 suo
503 651 670 698 praeter
691 648 927 696 πληρώματα
950 651 991 685 et
1015 647 1145 694 σκεύη.
1209 645 1315 683 Τ11111
1336 658 1431 683 vcro
1454 644 1616 682 illorum

105 699 278 752 quisque
311 702 397 740 fere
434 716 577 740 navem
613 703 847 754 praefectus
881 701 1188 740 conscendebat
1224 705 1266 739 et
1301 699 1490 739 militiam
1528 699 1615 752 ipse

103 756 368 808 sequebatur.
447 757 628 797 Posthac
661 757 828 810 quando
857 757 938 796 (1110
960 757 1021 796 vel
1048 761 1133 796 tres
1166 756 1220 796 ad
1252 756 1371 795 unius
1406 755 1520 795 navis
1553 770 1617 794 so-

103 810 299 851 cietatem
334 813 515 861 coibant,
546 818 729 852 sumtum
770 813 880 852 inter
914 828 957 852 se
993 812 1053 852 ita
1093 812 1397 865 partiebantur,
1433 816 1480 851 111
1516 810 1615 850 nihil

103 868 281 920 respubl.
305 883 497 922 erogasse
522 868 712 908 videatur
725 877 754 908 ‘¹.
821 869 924 908 Mox
956 868 1065 907 mille
1093 868 1260 907 ducenti
1292 881 1538 907 successere.
1566 868 1713 908 ex117

103 937 185 975 quo
207 924 384 963 societas
406 939 595 977 quaeque
621 925 750 964 solam
780 939 926 964 navem
956 925 1187 977 praebebat
1214 924 1491 967 aedificatam,
1514 924 1616 976 pub-

102 978 178 1018 lice
205 979 471 1021 addebantur
501 985 774 1028 armamenta,
799 986 953 1020 nautae
983 985 1025 1019 et
1057 982 1175 1030 σκεύη
1207 979 1478 1031 τριηραρχικά;
1514 994 1616 1032 quas

102 1049 182 1082 res,
216 1043 365 1076 exacto
405 1051 586 1084 munere,
622 1036 794 1089 quisque
826 1036 887 1075 vel
923 1035 971 1083 ei,
1005 1036 1073 1089 qui
1115 1050 1378 1075 successurus
1418 1040 1522 1083 crat,
1555 1035 1616 1075 vel

102 1091 276 1145 reipubl.
299 1092 472 1131 reddere
495 1093 714 1132 debebatr.
776 1092 857 1131 Sed
879 1092 1098 1131 trierarchi
1123 1092 1367 1131 vocabulum
1398 1091 1615 1144 antiquam

103 1152 146 1188 et
166 1149 377 1201 propriam
409 1153 678 1202 potestatem,
703 1163 783 1201 qua
808 1149 1063 1200 praefectum
1096 1148 1276 1188 triremis
1308 1147 1507 1201 signarat,
1526 1148 1615 1200 jam

102 1208 192 1243 tum
215 1204 376 1243 exuisse
398 1205 629 1257 putandum
651 1210 728 1244 031.
792 1204 899 1243 Nam
916 1204 984 1258 qui
1007 1203 1336 1252 contribuerant,
1359 1218 1481 1257 saepe
1504 1203 1613 1243 donli

103 1259 355 1309 residebant,
371 1261 451 1300 alio
466 1261 660 1314 quopiam
677 1260 731 1300 ad
753 1274 899 1299 navem
921 1261 1161 1300 amandatO.
1206 1259 1373 1299 Scilicet
1395 1259 1436 1298 in
1458 1273 1613 1299 morem
1630 1259 1712 1297 118

103 1326 275 1356 venerat
310 1317 464 1356 locatio
502 1316 787 1363 trierarchiae,
824 1316 1148 1369 haudcpiaquam
1190 1315 1301 1355 utilis
1337 1314 1498 1355 civitati
1536 1330 1613 1354 res,

104 1371 226 1411 Unus
250 1377 463 1420 συντελῶν,
487 1373 645 1412 otiosus
672 1373 781 1412 forte
809 1376 883 1411 aut
910 1372 1049 1424 aliqua
1071 1373 1121 1411 de
1142 1386 1288 1411 caussa
1309 1371 1616 1424 expeditionem

104 1428 295 1481 quaestui
327 1429 557 1475 habiturus,
591 1428 807 1482 pecuniam
839 1443 864 1468 a
895 1428 1014 1467 sociis
1047 1428 1252 1481 exigebat,
1279 1441 1410 1479 eaque
1442 1427 1616 1466 collecta

102 1484 213 1524 solus
233 1484 455 1524 militabat.
522 1485 585 1524 lta
606 1499 702 1524 vero
725 1485 774 1524 de
798 1484 857 1530 iis,
883 1498 987 1536 quae
1016 1484 1122 1523 male
1149 1485 1261 1522 sacta
1291 1488 1365 1522 aut
1396 1488 1543 1522 curata
1575 1482 1613 1521 in

102 1554 272 1580 munere
293 1545 442 1587 essent,
465 1556 546 1581 non
573 1540 797 1580 redemtori
827 1545 916 1580 erat
949 1540 1058 1579 ratio
1089 1539 1313 1586 reddenda,
1338 1539 1410 1578 sed
1432 1538 1522 1587 illis,
1546 1538 1615 1591 (1111

101 1595 342 1636 locaverant
357 1605 383 1635 ⁵.

161 1652 227 1691 Ex
258 1653 333 1699 his,
358 1667 463 1706 quae
494 1652 712 1705 disputavi,
739 1652 869 1692 facilis
900 1657 965 1692 est
995 1650 1262 1698 existimatio,
1286 1665 1411 1704 quain
1440 1664 1615 1690 onerosa

102 1722 275 1748 munera
295 1708 461 1757 fuerint,
485 1714 770 1762 quantumque
791 1713 881 1748 tum
909 1707 1076 1761 periculi
1104 1707 1299 1747 habuerit
1320 1706 1488 1746 divitem
1511 1720 1611 1745 esse.

104 1764 161 1804 Et
182 1765 423 1817 postulabat
446 1765 593 1804 civitas
615 1764 733 1818 quasi
759 1764 852 1817 jure
874 1778 960 1812 suo,
984 1763 1044 1803 uti
1067 1764 1288 1803 facultates
1311 1763 1486 1815 quisque
1517 1776 1613 1802 suas

102 1820 144 1859 in
179 1820 344 1874 publiea
374 1821 593 1860 commoda
628 1826 671 1860 et·
703 1825 950 1860 ornamenta
984 1819 1266 1872 profunderet,
1302 1833 1383 1857 non
1419 1819 1613 1858 laborans

101 1875 183 1924 illa,
207 1876 305 1930 quin
327 1877 419 1930 quis
440 1876 648 1930 choragiis
675 1881 750 1916 aut
775 1875 1032 1916 trierarchiis
1059 1876 1113 1915 ad
1144 1880 1376 1928 egestatem
1408 1875 1613 1927 redigere-

102 1937 207 1972 turt.
269 1933 419 1986 Itaque
447 1933 559 1986 apud
580 1937 768 1972 oratores
798 1932 972 1986 legimus
1003 1931 1201 1971 accidisse
1231 1945 1313 1969 non
1344 1944 1452 1977 raro,
1475 1936 1522 1970 ut
1544 1929 1711 1983 (1111119

892 2077 998 2107 hered.
1022 2088 1051 2115 p.
1068 2086 1135 2114 154.
1168 2075 1330 2105 Demosth.
1352 2075 1385 2104 in
1409 2075 1561 2105 Cherson.
1583 2085 1613 2114 p.

146 2085 163 2108 (1
182 2078 255 2107 Vid.
274 2077 363 2108 Orat.
384 2079 414 2106 in
436 2078 569 2107 Midiam
588 2088 615 2117 p.
636 2077 709 2116 564,
729 2088 776 2107 22.
794 2084 825 2108 et

896 2129 964 2157 103.
982 2127 1012 2148 et
1030 2119 1144 2158 passim
1161 2118 1245 2147 alibi.

102 2121 143 2150 1111
162 2120 263 2150 8011111.
281 2131 311 2158 p.
331 2120 390 2149 682
411 2121 450 2149 A.
467 2128 499 2150 et
521 2120 626 2159 paullo
649 2129 723 2150 ante
745 2131 823 2150 euu-

102 2164 173 2193 dem
191 2163 294 2192 Sithol.
312 2174 340 2201 p.
359 2163 421 2192 (1(10
441 2163 474 2191 F.
935 2167 948 2183 S
966 2162 1039 2191 vid.
1062 2162 1119 2191 Or.
1144 2161 1224 2190 Mid.
1249 2160 1270 2189 l.
1293 2170 1318 2190 0.
1344 2165 1376 2190 et
1397 2170 1426 2198 p.
1446 2168 1518 2198 540.
1543 2169 1616 2188 cum

146 2210 158 2226 ¹·
175 2205 248 2234 vid.
266 2205 339 2233 ibid.
358 2215 387 2243 p.
407 2204 478 2243 565.
496 2211 527 2234 et
545 2204 635 2234 Orat.
654 2205 685 2233 111
709 2204 825 2242 Euerg.

101 2254 133 2276 et
165 2247 301 2276 Mnesib.
328 2248 453 2285 passim.
506 2247 674 2277 Interdum
707 2248 825 2276 facturn

102 2297 158 2324 est,
173 2296 209 2319 ut
226 2290 309 2319 ultra
326 2289 551 2328 praescriptum
569 2291 759 2325 conferrent,
771 2289 823 2327 qui

102 2333 242 2361 studium
265 2342 356 2360 suum
375 2332 407 2360 in
426 2331 576 2370 rempubl.
592 2331 706 2361 vellent
722 2338 824 2360 osten-

103 2382 181 2411 tare,
208 2381 244 2403 ut
275 2374 487 2412 Apollodorus
518 2386 549 2403 se
579 2374 685 2403 secisse
716 2380 824 2402 narrat

102 2418 185 2455 apud
204 2416 450 2446 Demosthenem
469 2418 508 2446 (10
525 2417 595 2445 Cor.
613 2415 775 2445 trierarch.
793 2425 821 2452 p.

107 2468 197 2497 1229,
220 2468 265 2495 14.
283 2457 323 2487 τὰ
340 2457 447 2492 σκεύη,
465 2458 524 2488 ὅσα
540 2459 588 2486 δεῖ
600 2458 749 2495 παρέχειν
765 2456 824 2492 τὴν

101 2501 194 2530 πόλιν
216 2501 281 2530 τοῖς
304 2499 510 2537 τριηράρχοις,
535 2500 595 2536 ἐγὼ
623 2498 680 2536 μὲν
704 2500 738 2528 ἐκ
761 2501 824 2528 τῶν

102 2542 184 2573 ἰδίων
200 2542 357 2576 ἀνήλωσα,
375 2543 423 2571 καὶ
447 2543 510 2571 τῶν
533 2541 687 2578 δημοσίων
707 2542 824 2574 ἔλαβον

102 2585 199 2615 οὐδέν’
227 2583 311 2614 οὗτοι
340 2585 365 2613 δ’
384 2584 539 2622 ὑμετέροις
566 2583 748 2622 κέχρηνται,
774 2583 824 2612 καὶ

102 2629 164 2656 τῶν
180 2627 340 2665 σφετέρων
361 2625 448 2655 οὐδὲν
470 2625 512 2655 εἷς
535 2627 635 2655 ταῦτα
657 2626 823 2663 προεῖνται.

103 2669 245 2699 Omnino
272 2669 403 2707 insignis
430 2669 563 2697 materia
586 2668 646 2697 fuit
670 2668 771 2696 laudis
794 2672 824 2696 et

101 2713 222 2750 gratiae
244 2712 325 2749 apud
352 2710 600 2745 multitudinem,
622 2710 645 2739 si
662 2710 731 2748 quis
752 2720 823 2737 11111-

102 2763 178 2784 nera
194 2753 363 2783 liberaliter
375 2760 405 2782 et
418 2753 585 2791 magnifice
599 2753 711 2781 fecerat
723 2762 731 2787 ς
752 2761 822 2780 0011-

102 2802 152 2825 tra
176 2805 328 2835 magnum
356 2796 515 2832 probrum,
539 2795 562 2823 si
583 2795 652 2833 quis
675 2804 711 2823 ea
734 2794 823 2822 (10111-

101 2844 191 2876 gerat
218 2847 273 2867 aut
299 2838 413 2866 fecerat
439 2837 571 2866 sordide.
613 2836 684 2865 vid.
711 2835 825 2874 Lysiae

104 2880 161 2909 Or.
194 2888 222 2917 7.
254 2891 283 2918 p.
310 2879 380 2917 285.
422 2879 468 2908 18.
492 2889 522 2918 p.
546 2879 617 2916 603.
655 2878 731 2907 isaei
764 2878 822 2907 Or.

103 2923 141 2952 de
159 2922 305 2960 Dicaeog.
324 2921 429 2951 hei-ed.
447 2932 476 2960 p.
496 2931 563 2960 109.
582 2922 620 2950 de
638 2920 823 2949 Philoctem.

893 2204 995 2233 Schol.
1020 2210 1051 2233 et
1071 2204 1129 2232 Or.
1154 2204 1224 2232 adV.
1252 2202 1367 2241 Polycl.
1393 2212 1446 2232 seu
1470 2200 1538 2240 περὶ
1561 2201 1617 2230 τοῦ

894 2244 1215 2284 ἐπιτριηραρχήματος
1238 2255 1265 2283 p.
1286 2253 1376 2281 1223.
1394 2245 1433 2274 de
1454 2244 1525 2273 Cor.
1543 2246 1616 2273 trie-

892 2288 993 2318 rarch.
1011 2287 1030 2317 l.
1048 2299 1071 2317 0.
1091 2295 1148 2317 etc.
1196 2286 1331 2316 Talento
1358 2287 1421 2316 sere
1455 2286 1617 2315 Iocabatur

892 2329 1076 2360 trierarchia
1092 2330 1125 2358 in
1142 2339 1274 2358 annum.
1320 2329 1414 2358 Unde
1429 2329 1617 2367 magnitudo

892 2372 1033 2402 muneris
1049 2371 1191 2410 cognosci
1208 2377 1319 2410 potest.

934 2414 946 2436 t
963 2414 1036 2443 Vid.
1055 2413 1199 2452 Xenoph.
1223 2414 1261 2443 de
1286 2413 1364 2451 Rep.
1382 2412 1503 2442 Athen.
1522 2422 1548 2447 1,
1568 2421 1614 2448 13.

892 2458 989 2495 Saepe
1014 2457 1110 2494 igitur
1133 2456 1215 2485 cives
1234 2456 1448 2493 querebantur
1471 2455 1503 2483 in
1528 2455 1615 2493 judi-

891 2499 954 2535 ciis,
972 2509 1004 2528 se
1020 2499 1101 2527 bona
1117 2508 1174 2527 sua
1189 2498 1503 2535 καταλειτουργῆσαι,
1519 2508 1615 2526 κατα-

891 2541 1070 2578 χορηγῆσαι
1097 2547 1128 2569 et
1159 2539 1212 2569 rel.
1248 2540 1339 2568 Conf.
1365 2540 1480 2567 facetos
1507 2549 1616 2568 versus

892 2582 1088 2620 Antiphanis
1104 2592 1152 2620 ap.
1171 2581 1290 2610 Athen.
1305 2589 1334 2617 3.
1352 2591 1381 2619 p.
1397 2589 1453 2617 103
1473 2581 1507 2609 F.
1555 2580 1615 2610 Sed

894 2635 932 2653 110
949 2634 1092 2662 quaeras,
1106 2634 1124 2652 a
1137 2633 1199 2661 quo
1215 2633 1309 2652 censu
1326 2622 1438 2660 aliquis
1454 2622 1487 2651 in
1504 2633 1616 2652 nume-

893 2676 964 2695 rum
988 2667 1050 2694 τῶν
1070 2663 1334 2702 λειτουργούντων
1354 2671 1494 2702 receptus
1518 2665 1569 2702 sit,
1584 2671 1615 2694 et

893 2709 1023 2747 quinam
1047 2707 1110 2736 sint
1135 2707 1164 2735 in
1184 2706 1273 2736 Orat.
1293 2717 1320 2744 p.
1341 2706 1413 2743 462.
1439 2706 1467 2735 οἱ
1491 2705 1614 2735 ἐλάττω

893 2751 955 2779 τῶν
982 2750 1093 2779 ἱκανῶν
1118 2750 1321 2785 κεκτημένου
1346 2758 1431 2777 unus
1457 2748 1519 2777 huc
1546 2758 1615 2786 spe-

893 2799 957 2821 ctat
968 2792 1051 2821 locus
1061 2802 1100 2821 ex
1112 2791 1203 2820 Orat.
1220 2791 1244 2819 Ι.
1258 2791 1289 2818 in
1301 2790 1426 2828 Aphob.
1439 2800 1468 2828 p.
1480 2790 1554 2828 833,
1563 2799 1613 2828 25.

893 2834 986 2863 Unde
1002 2833 1110 2862 saltem
1130 2833 1188 2862 hoc
1203 2832 1400 2871 intelligitur,
1418 2843 1479 2861 non
1499 2839 1616 2862 temere

892 2886 1083 2915 quenquam,
1108 2876 1199 2912 cujus
1225 2885 1336 2904 census
1364 2884 1427 2903 non
1453 2876 1615 2904 excederet

892 2928 1049 2947 summam
1073 2927 1088 2947 2
1112 2917 1278 2953 talentum,
1301 2917 1338 2945 ad
1364 2927 1496 2946 munera
1519 2927 1614 2956 ency-

958 2975 981 2997 D
