1997 3256
549 138 872 178 ADVERSUS
906 138 1236 178 LEPTINEM.
1565 137 1646 178 645

196 244 291 296 458,
321 243 386 282 26.
418 242 512 292 πρὸς
547 243 588 281 δὲ
624 243 743 295 τούτῳ
780 245 841 283 καὶ
874 244 920 283 5ss
943 244 1087 296 ἐκεῖνο]
1130 242 1223 282 Scil.
1254 241 1387 292 εὕροιτ’
1411 241 1459 281 ἂν
1492 245 1649 292 μᾶλλον

139 300 265 338 ἐκεῖνο
287 301 535 338 λυσιτελοῦν.
599 297 797 350 Sequitur
822 299 909 351 jam
942 299 1050 339 ratio
1081 299 1226 345 altera,
1249 298 1302 338 ad
1328 297 1425 337 illud
1448 299 1509 337 διὰ
1531 299 1569 337 τί
1586 311 1649 337 re-

138 354 321 394 ferenda.
381 353 501 392 Nunc
522 358 663 393 autem
686 369 809 406 quam
832 355 1002 394 subdole
1023 359 1166 394 noster
1186 353 1468 394 adversarium
1489 358 1650 407 pungat

140 409 232 449 vide
250 425 257 447 :
287 409 471 461 Leptines
490 409 701 448 stultitiam
723 425 746 449 a
774 409 874 449 cobis
891 410 1002 450 haud
1019 410 1190 449 alienam
1205 416 1355 462 putare
1375 409 1505 449 videri
1520 409 1648 449 debet:

136 465 330 504 stultitiae
355 471 485 504 tamen
502 463 696 518 probrum
715 465 890 518 ιἴὶισὶῖῖῑιε
903 466 1018 518 ferri
1037 471 1162 518 potest
1181 479 1300 518 (suam
1322 465 1503 504 malitiae
1523 472 1558 504 et
1579 465 1651 504 im-

131 519 350 574 probitatis
377 526 455 560 etc.
518 521 641 561 Certe
674 521 751 560 1100
783 521 861 561 sibi
889 521 976 561 vult
1007 525 1163 560 orator.
1224 521 1325 560 ‚Jam
1356 520 1389 559 si
1420 521 1650 568 credamus,

140 577 251 629 quod
278 576 445 616 credere
475 576 581 622 licet,
604 591 685 615 non
717 576 852 616 minus
874 591 998 630 quam
1029 576 1165 623 hodio,
1189 576 1277 628 jam
1305 580 1396 615 tum
1428 575 1469 614 111
1499 576 1651 629 populo

142 632 391 672 Atheniensi
424 632 561 679 fuisse,
591 632 658 685 qui
692 633 881 686 improbi,
911 632 943 671 si
975 632 1016 671 id
1040 631 1172 671 vitare
1203 645 1285 670 non
1316 635 1499 684 possent,
1523 631 1651 671 videri

142 688 314 728 mallent
337 703 461 740 quam
484 688 613 735 stulti,
637 687 964 742 ingeniosissime
986 687 1196 727 sententia
1214 686 1422 726 videbitur
1442 701 1651 739 expressa.

144 743 227 783 Sed
250 748 513 784 venustatem
539 744 617 784 1001
645 744 779 798 magis
801 743 957 783 sentias
979 742 1259 796 comparando
1287 742 1429 795 inepto
1453 742 1652 791 Aristide,

142 799 212 852 qui
236 800 388 839 rustice
411 799 602 853 impingit
627 802 745 853 Q.17.
807 799 962 838 Noster
982 803 1123 838 autem
1145 798 1208 837 his
1229 812 1278 838 ac
1300 798 1512 845 similibus,
1536 798 1655 852 quasi

142 860 299 895 temere
332 855 574 908 interjectis,
604 855 693 908 jam
729 869 836 894 nunc
872 854 1111 894 auditorum
1144 854 1305 893 animos
1340 859 1566 908 praeparat
1601 854 1655 894 ad

143 925 292 950 novam
324 911 456 965 legem
487 925 616 957 suam,
641 926 722 963 qua
752 911 872 950 simul
893 916 936 950 et
959 911 1133 959 εὐηθείας
1154 914 1197 949 et
1225 911 1356 951 κακίας
1386 909 1656 963 ignominiam

143 967 377 1007 amolietur.
411 968 461 1006 F.
486 967 540 1006 A.
558 966 750 1007 WOLF.
805 967 966 1006 Vereor
986 970 1034 1005 ut
1056 980 1197 1005 vocem
1219 965 1373 1015 εὐήθεια
1394 971 1509 1005 recte
1530 965 1657 1005 inter-

143 1027 334 1076 pretatus
366 1022 420 1062 sit
449 1023 672 1063 stultitiam..
737 1022 832 1070 Est,
854 1022 1013 1076 opinor,
1035 1021 1284 1075 simplicitas,
1316 1035 1533 1074 moresque
1565 1036 1658 1061 cum

143 1078 329 1118 moribus
346 1083 666 1132 comparantur:
700 1083 748 1118 ut
769 1078 870 1117 nihil
892 1078 958 1118 hic
980 1077 1142 1117 subdoli
1164 1078 1234 1126 sit,
1248 1091 1329 1131 quo
1351 1082 1494 1117 noster
1514 1078 1658 1118 adver-

143 1134 298 1174 sarium
329 1139 505 1189 pungat.
567 1134 829 1175 Sententiam
851 1134 964 1174 dicas
994 1138 1214 1182 moratam,
1238 1148 1320 1173 non
1351 1133 1562 1188 ingeniose
1589 1148 1657 1173 ex-

144 1204 345 1243 pressam.
385 1190 638 1231 SCHAEF.

201 1259 298 1300 459,
320 1259 359 1297 4.
383 1248 506 1300 τινας]
538 1247 625 1288 τοὺς
647 1246 708 1286 S.:
743 1247 815 1287 sed
838 1246 938 1286 illud
960 1246 1001 1285 in
1023 1264 1083 1298 γρ.

200 1316 297 1353 459,
319 1314 359 1355 5.
386 1303 473 1344 τοὺς
498 1304 710 1355 χρησίμους
732 1303 867 1358 ὄντας]
905 1303 1015 1342 Cives
1035 1303 1081 1342 de
1102 1303 1202 1354 Res).
1225 1302 1367 1355 optime
1396 1302 1566 1350 meritos,
1590 1302 1659 1355 qui

143 1357 242 1397 alibi
266 1362 469 1398 vocantur
489 1360 663 1410 χρηστοί.
725 1358 919 1398 Occurrit
941 1363 1081 1398 tamen
1108 1362 1151 1398 et
1182 1358 1297 1405 illud,
1324 1357 1422 1398 licet
1443 1358 1589 1406 rarius,
1613 1363 1661 1398 ut

145 1414 186 1453 in
211 1414 330 1454 Isaeo
358 1429 424 1467 ap.
449 1414 621 1467 Dionys.
643 1414 783 1454 Judic.
807 1415 856 1454 de
882 1414 1001 1454 Isaeo
1032 1415 1068 1467 Q.
1088 1415 1124 1454 8.
1188 1414 1256 1454 Ita
1284 1413 1392 1453 infra
1421 1413 1489 1466 qui
1515 1430 1554 1468 p.
1577 1428 1655 1468 491

145 1474 252 1510 extr.
271 1475 369 1510 sunt
389 1470 585 1522 χρήσιμοι,
605 1470 631 1509 11
653 1470 791 1523 paullo
812 1475 908 1523 post
930 1470 1126 1509 dicuntur
1142 1471 1315 1522 χρηστοί.
1347 1469 1444 1509 Alia
1465 1470 1575 1510 ratio
1597 1474 1661 1510 est

145 1526 346 1566 formulae
366 1525 560 1578 χρήσιμον
582 1527 700 1565 αὑτὸν
721 1530 956 1578 παρασχεῖν,
981 1540 1087 1579 quae
1114 1526 1269 1579 passim
1295 1525 1480 1565 occurrit
1510 1526 1551 1565 111
1583 1526 1662 1566 hac

145 1582 348 1630 oratione,
382 1582 433 1621 de
465 1596 546 1634 quo
583 1596 660 1620 usu
695 1582 858 1622 notavit
892 1582 1048 1622 Markl.
1071 1582 1125 1622 ad
1155 1581 1299 1635 Eurip.
1324 1581 1538 1635 Supplices
1566 1582 1661 1633 887.

146 1638 209 1677 At
236 1652 373 1677 nonne
402 1637 443 1676 in
474 1638 551 1677 hac
582 1637 753 1691 periodo
776 1637 925 1677 vitiose
958 1637 1190 1678 inculcatur
1211 1637 1264 1685 id,
1289 1638 1399 1690 quod
1431 1637 1662 1690 praeterire

146 1708 189 1733 se
216 1693 317 1733 velle
352 1698 479 1733 antea
514 1699 658 1733 orator
688 1693 822 1734 dixit?
858 1695 916 1733 ὅτι
946 1695 1018 1743 μὲν
1044 1698 1159 1733 τινῶν
1193 1696 1480 1744 κατηγοροῦντα
1515 1694 1663 1735 πάντας

147 1751 399 1800 ἀφαιρεῖσθαι
420 1750 488 1799 τὴν
510 1752 658 1800 δωρεὰν
679 1754 754 1789 τῶν
776 1751 918 1790 ἀδίκων
940 1751 1061 1795 ἐστὶν,
1086 1749 1205 1789 ἐάσω.
1256 1749 1364 1789 Sane
1387 1749 1533 1788 eadem
1553 1763 1662 1789 nunc

146 1805 396 1859 proponitur
418 1819 493 1853 res,
518 1806 590 1845 sed
611 1806 735 1845 inodo
760 1805 1008 1859 proponitur
1029 1820 1111 1844 11011
1134 1805 1292 1844 00(10111.
1355 1804 1444 1844 11110
1465 1805 1509 1844 τὸ
1530 1805 1664 1845 ἄδικον

147 1861 207 1901 rei
230 1861 463 1915 respicitur,
486 1861 552 1901 1110
575 1861 617 1901 τὸ
640 1863 801 1913 ἄλογον.
846 1863 896 1901 F.
920 1862 973 1900 A.
994 1861 1186 1900 WOLF.

204 1929 300 1970 459,
331 1930 366 1969 7.
403 1919 499 1956 κατὰ
535 1917 602 1957 τὸν
627 1918 762 1957 τούτου
797 1916 940 1970 λόγον]
979 1917 1047 1956 Ex
1080 1916 1270 1956 sententia
1302 1916 1432 1964 istius,
1465 1916 1664 1969 Leptinis.

149 1973 355 2012 Nimirum
377 1973 419 2012 in
442 1972 616 2012 Graecis
638 1973 875 2013 oratoribus
896 1987 1125 2026 pronomen
1147 1973 1257 2013 οὗτος
1278 1976 1400 2011 notat
1421 1976 1464 2011 et
1480 1972 1664 2025 judicem

148 2034 192 2070 et
213 2029 405 2069 clientem
433 2033 475 2068 et
503 2029 798 2077 adversarium,
823 2043 949 2082 quum
979 2028 1130 2068 Latine
1155 2029 1224 2068 iste
1245 2027 1412 2067 dicatur
1439 2027 1490 2067 de
1520 2028 1665 2068 adver-

148 2085 273 2133 sario,
296 2085 360 2125 Ιιὶσ
389 2086 440 2125 de
469 2085 618 2124 cliente
649 2090 693 2124 et
721 2084 870 2138 judice.
920 2083 1018 2123 Vid.
1043 2083 1240 2124 Aeschin.
1264 2087 1307 2122 et
1328 2083 1547 2123 Demosth.
1571 2083 1665 2123 Orr.

148 2142 200 2181 de
232 2141 408 2189 Corona,
441 2140 627 2181 Ciceron.
656 2155 732 2194 pro
760 2141 883 2181 Rose.
908 2139 1096 2180 Amerin.
1125 2144 1167 2179 et
1195 2138 1293 2179 alibi
1327 2138 1493 2192 passim.
1536 2139 1587 2178 F.
1611 2139 1667 2179 A.

152 2197 343 2237 WOLF.
409 2197 529 2248 Quod
562 2196 603 2235 in
636 2196 751 2236 libris
784 2196 990 2250 plerisque
1024 2199 1088 2235 est
1120 2197 1267 2235 τούτων
1299 2194 1378 2234 etsi
1411 2194 1460 2234 de
1490 2194 1667 2249 Leptine

149 2254 320 2306 ejusque
345 2253 466 2293 sociis
497 2252 672 2306 intelligi
702 2256 854 2306 potest,
877 2252 1013 2291 minus
1045 2255 1185 2291 tamen
1215 2254 1313 2303 apte
1345 2249 1528 2303 positum
1558 2251 1669 2290 foret

149 2314 246 2362 post
278 2309 399 2363 plura
429 2308 511 2349 alia
538 2308 697 2347 numeri
729 2308 899 2362 pluralis
930 2307 1110 2355 nomina,
1135 2320 1240 2360 quae
1268 2306 1537 2359 praecedunt,
1560 2305 1670 2346 inter

153 2379 260 2418 quae
280 2365 436 2404 nullum
458 2369 523 2404 est
545 2364 655 2417 quod
679 2364 867 2417 Leptinis
889 2363 1094 2402 sociorum
1115 2361 1462 2416 significationem
1484 2361 1654 2401 habeat.

207 2432 304 2473 459,
325 2433 389 2472 13.
419 2420 486 2459 τὸν
507 2421 788 2469 ἥμισυν-τοῦ
817 2418 982 2472 χρόνον]
1025 2418 1249 2458 Structura
1285 2421 1348 2456 est
1384 2416 1527 2456 Similis
1560 2416 1671 2456 Thu-

153 2476 353 2530 cydideac
376 2475 460 2524 isti,
481 2490 563 2528 qua
585 2474 741 2514 dieitur
762 2476 781 2513 ὁ
800 2479 989 2516 πλεῖστος
1010 2477 1076 2513 τοῦ
1096 2475 1200 2523 βίου,
1219 2474 1239 2511 ὁ
1261 2471 1394 2511 πλέων
1414 2476 1481 2511 τοῦ
1503 2475 1671 2522 στρατοῦ

153 2533 223 2571 111).
248 2546 276 2571 1.
301 2545 335 2570 0.
357 2544 398 2584 5.
422 2536 465 2571 et
489 2542 552 2583 73.
588 2532 624 2578 8,
647 2530 715 2580 48.
739 2531 967 2582 eademque
988 2529 1122 2582 plane,
1142 2542 1249 2581 quae
1270 2527 1445 2567 affertur
1466 2526 1506 2565 in
1529 2526 1671 2566 Alexi-

153 2588 218 2627 dis
239 2593 367 2627 Verss.
389 2601 455 2640 ap.
480 2586 638 2625 Athen.
666 2598 704 2624 2.
728 2600 768 2638 p.
789 2597 840 2636 47
867 2586 921 2624 D.
950 2586 970 2623 ὁ
997 2586 1134 2633 ἥμισυς
1158 2587 1226 2622 τοῦ
1256 2583 1360 2632 βίου,
1423 2582 1562 2622 Multo
1592 2582 1671 2622 fre-

153 2643 348 2697 quentius
370 2642 587 2696 pluraliter
604 2643 641 2680 οἱ
658 2641 806 2690 ἡμίσεις
822 2644 896 2679 τῶν
915 2640 1062 2679 ἱππέων
1078 2644 1121 2679 et
1143 2637 1305 2677 similia.
1339 2637 1386 2676 F.
1408 2636 1463 2676 A.
1477 2637 1673 2677 WOLF.

154 2698 375 2752 Exemplis
404 2697 543 2738 allatis
575 2697 654 2736 hoc
685 2696 792 2736 adde
820 2695 1126 2742 Herodoteum,
1156 2694 1224 2732 τὸν
1249 2693 1404 2732 πολλὸν
1432 2695 1499 2731 τοῦ
1529 2694 1673 2744 χρόνου

159 2769 193 2794 1.
219 2767 283 2805 24.
319 2754 425 2792 IDEM
452 2753 494 2792 in
518 2753 609 2792 Iud.
672 2752 728 2791 V.
753 2766 859 2805 quae
890 2749 1078 2803 congessi
1117 2749 1156 2788 in
1190 2747 1302 2788 Bosii
1335 2747 1479 2800 Ellips.
1506 2762 1545 2800 p.
1578 2761 1672 2799 274.

157 2811 417 2850 SCHAEF.

213 2879 310 2918 459,
330 2876 391 2918 15.
417 2863 484 2904 εἶθ’
504 2864 548 2914 ἧς
569 2867 666 2903 πᾶσι
686 2861 924 2916 μέτεστι-]
960 2861 1027 2900 Sic
1052 2859 1355 2900 ratiocinatur:
1392 2858 1531 2898 Omnes
1557 2857 1671 2905 cives,

156 2922 275 2961 etiam
305 2922 374 2974 qui
404 2920 657 2960 ‘immunitate
686 2919 825 2959 donati
855 2932 927 2958 'non
961 2923 1061 2965 sunt,
1090 2915 1307 2955 dimidiata
1339 2921 1469 2954 tamen
1499 2913 1676 2967 quadam
