1997 3256
483 156 808 197 ADVERSUS
840 158 1365 199 ARISTOCRATEM.
1596 161 1681 203 957

167 258 281 298 filum
302 262 497 300 texuerat
525 259 857 313 interrupissent,
880 260 1091 313 obliquam
1118 265 1244 300 antea
1270 261 1502 301 orationem
1530 262 1679 303 dehinc

168 313 208 352 in
238 319 395 354 rectam
422 315 481 355 ita
504 316 726 363 convertit,
748 331 853 356 nova
881 322 927 356 ut
952 316 1166 370 periodum
1194 317 1468 371 interrogatio
1495 318 1681 372 graviter

167 369 318 417 finiret,
341 385 464 423 quam
485 371 590 412 aliae
612 372 805 425 deinceps
826 372 1175 426 interrogationes
1196 387 1349 426 magno
1377 387 1470 412 cum
1498 375 1679 427 pondere

168 431 451 479 sequerentur.
486 427 735 468 SCHAEF.

225 487 320 535 691,
349 496 355 520 1
376 496 406 522 1.
428 483 545 534 μέρος
565 484 750 535 τέταρτον
774 485 943 532 Εὐβοίας
965 485 1181 537 οἰκοῦντας]
1206 484 1408 537 Reliquae
1430 489 1516 524 tres
1537 489 1680 539 partes

167 543 289 577 erant
331 537 507 585 Chalcis„
543 539 724 583 Eretria.
763 540 975 593 Carystus.
1052 539 1201 592 Scylax
1243 539 1457 580 Euboeam
1497 541 1681 594 appellat

167 594 414 644 τετράπολιν.
475 597 577 645 Αὕτη
602 596 842 645 τετράπολις·
889 597 966 635 εἰσὶ
992 596 1032 634 δὲ
1067 597 1110 634 ἐν
1141 596 1235 650 αὐτῇ
1267 595 1478 646 Κάρυστος,
1501 596 1682 648 Ἐρετρία

169 650 231 688 καὶ
266 650 395 699 λιμὴν,
437 653 584 693 Χαλκὶς
625 653 686 690 καὶ
720 652 852 700 λιμὴν,
883 650 1065 690 Ἑστιαία
1107 652 1167 689 καὶ
1202 651 1332 700 λιμήν.
1394 651 1528 691 Oreus
1567 652 1681 706 prius

170 704 373 746 Hosti-aea
394 706 623 753 dicebatur,
646 706 687 745 in
709 712 898 746 extrema
918 706 1075 745 insulae
1099 711 1221 759 parte
1241 707 1556 760 septentrionali
1585 708 1681 748 sita.

170 761 230 801 Cf.
258 761 411 801 Strabo
436 776 495 802 10.
521 778 558 816 p.
576 775 673 815 445.
696 762 941 802 scholiastes
964 761 1193 815 Thucydid.
1224 776 1254 809 1,
1281 775 1370 812 114.
1391 767 1434 802 et
1460 764 1606 803 Morus
1627 765 1682 805 ad

174 816 349 857 lsocrat.
374 818 579 871 Panegyr.
606 819 643 870 ξ.
672 821 760 857 108.
796 817 1034 856 WEBER.

228 874 322 926 691,
351 887 413 923 14.
436 875 548 913 οὐδὲν
570 877 642 925 γὰρ
665 872 741 926 δεῖ]
766 873 957 912 Tiberius
979 873 1055 912 vol.
1078 873 1116 912 8.
1139 888 1179 926 p.
1202 875 1298 926 536.
1328 872 1622 924 Ἀποσιώπησις
1643 877 1684 916 δέ

169 931 277 968 ἐστιν
309 931 403 969 ὅταν
434 930 594 979 μέλλων
629 929 765 981 λέγειν
796 932 955 980 πρᾶγμα
991 929 1083 970 αὐτὸ
1117 931 1190 979 μὲν
1227 930 1497 979 ἀποσιωπήσῃ,
1532 932 1601 981 τὴν
1642 935 1684 973 δὲ

169 986 357 1024 ὑπόνοιαν
384 986 499 1025 αὐτοῦ
525 987 729 1034 καταλίπῃ.
758 984 886 1025 allato
914 985 992 1025 hoe
1018 985 1108 1024 loeo
1133 984 1194 1024 ita
1220 999 1419 1039 pergens:
1454 987 1583 1026 Οὐδὲν
1608 991 1683 1039 γὰρ

170 1039 219 1080 ἂν
241 1041 324 1080 εἶπε
346 1044 534 1080 τοσοῦτον
556 1042 639 1080 οἷον
660 1043 704 1096 τῇ
726 1042 888 1094 ὑπονοίᾳ
909 1041 1141 1092 παρέδωκεν.
1204 1042 1263 1081 Cf.
1287 1041 1528 1081 Alexander
1549 1043 1625 1083 vol.
1645 1045 1681 1084 8.

170 1108 315 1150 p.450.
347 1103 494 1137 auctor
524 1097 578 1137 ad
611 1096 869 1136 Herennium
897 1111 935 1145 4.
958 1111 1024 1149 54.
1086 1097 1184 1137 Alia
1213 1098 1325 1150 apud
1358 1098 1684 1140 Demosthenem

171 1153 292 1205 hujus
325 1153 484 1207 figurae
519 1153 709 1206 exempla
742 1157 851 1199 sunt,
881 1168 920 1206 p.
944 1156 1038 1205 763.
1075 1154 1136 1192 καὶ
1163 1153 1400 1203 βουληθέντι
1434 1159 1579 1202 λαβεῖν
1614 1157 1684 1206 τὴν

171 1209 349 1259 ἀδελφὴν
373 1211 433 1261 (ἐξ
462 1210 505 1248 οὗ
534 1212 575 1248 δὲ
604 1211 761 1259 τρόπου,
781 1210 1035 1260 παραλείψω)
1063 1210 1203 1258 λαβὼν
1232 1211 1415 1260 ἀργύριον
1443 1210 1621 1252 δέδωκεν.
1643 1227 1684 1266 p.

180 1278 294 1304 1010.
325 1266 369 1319 τῇ
400 1267 440 1304 δὲ
463 1267 608 1304 τούτων
634 1266 744 1315 μητρὶ
771 1265 977 1316 Πλαγγόνι
1005 1266 1251 1314 ἐπλησίασεν
1278 1267 1411 1304 ὅντινα
1438 1266 1482 1315 δή
1509 1267 1594 1306 71'orq
1615 1269 1685 1308 οὗν

171 1322 329 1370 τρόπον.
371 1336 411 1374 p.
446 1333 562 1360 1¹02.
598 1321 644 1360 ὃν
677 1323 717 1361 δὲ
749 1323 904 1370 τρόπον,
937 1321 1004 1359 οὐκ
1036 1323 1129 1362 ἴσως
1165 1321 1286 1360 καλὸν
1317 1323 1394 1360 υἱεῖ
1426 1322 1514 1372 περὶ
1543 1324 1687 1375 μητρὸς

172 1378 339 1427 ἀκριβῶς
361 1379 496 1416 εἰπεῖν.
558 1377 671 1416 Add.
694 1383 801 1417 orat.
826 1377 859 1416 Ι.
884 1376 924 1415 in
948 1376 1171 1430 Aristogit.
1194 1391 1234 1429 p.
1260 1379 1354 1429 787.
1390 1378 1444 1415 W
1456 1379 1630 1419 EBER.

230 1435 324 1486 691.
354 1444 414 1486 15.
440 1433 479 1472 τὸ
501 1434 618 1482 ἥμισυ
645 1436 713 1472 τοῦ
741 1434 878 1484 γένους
907 1433 1022 1472 αὐτοῦ
1051 1433 1402 1485 συμβαλλομένου]
1434 1433 1481 1472 Id
1504 1439 1580 1483 est,
1604 1436 1688 1489 ipso

171 1491 388 1542 confirmate
418 1489 634 1528 dimidiam
661 1489 814 1542 pencris
831 1495 1002 1542 partem,
1029 1494 1145 1541 parte
1175 1494 1303 1527 {anien
1334 1489 1462 1528 altera
1493 1504 1580 1529 enm
1610 1505 1688 1531 non

172 1545 332 1598 (liquati
348 1552 449 1585 sunt.
512 1545 681 1585 Etenim
704 1559 785 1584 non
807 1550 871 1584 est
898 1544 1069 1583 dubium
1091 1543 1188 1597 quin
1211 1543 1309 1583 Orei
1331 1545 1475 1584 eadem
1504 1546 1687 1588 civitatis

172 1604 283 1640 ratio
304 1602 430 1641 fuerit
461 1616 566 1655 quae
587 1601 697 1641 alibi.
754 1602 804 1640 In
825 1600 991 1654 plurimi
1018 1599 1149 1640 senim
1171 1600 1427 1639 Graecorum
1447 1601 1688 1644 civitatibus

172 1657 206 1696 is
228 1663 381 1697 natura
402 1657 500 1697 civis
522 1663 625 1705 erat,
645 1672 766 1711 quem
787 1658 840 1697 ab
862 1662 1042 1710 utroque
1062 1660 1236 1710 parente
1253 1655 1409 1696 civibus
1431 1665 1577 1698 natum
1599 1674 1688 1700 esse

174 1715 424 1754 constabat:
473 1713 542 1767 qui
576 1718 742 1767 patrem
774 1717 940 1753 tantum
975 1718 1050 1752 aut
1085 1717 1263 1752 matrem
1296 1711 1426 1752 civem
1458 1713 1686 1765 habebant,

175 1773 281 1809 νόθοι
308 1770 556 1810 dicebantur
582 1770 644 1809 vel
671 1769 787 1819 ξένοι.
852 1769 946 1808 Vid.
972 1768 1151 1808 Arist-ot.
1186 1767 1312 1807 Polit.
1334 1781 1372 1821 3,
1401 1782 1434 1808 1.
1466 1770 1612 1811 Meier.
1636 1772 1688 1812 de

173 1825 293 1865 bonis
315 1827 453 1866 damn.
476 1840 515 1878 p.
534 1827 557 1864 6
562 1840 600 1879 3.
663 1826 813 1878 Itaque
835 1825 1142 1871 Charidemum,
1165 1824 1282 1876 cujus
1303 1828 1424 1877 pater
1444 1827 1688 1880 peregrinus

174 1887 294 1929 esset,
313 1887 465 1922 natura
486 1881 584 1921 civis
606 1896 687 1920 non
704 1882 840 1921 factus
861 1886 926 1920 est
946 1886 1080 1920 matre
1097 1880 1195 1925 cive.
1215 1884 1257 1919 et
1278 1879 1310 1918 si
1327 1880 1417 1919 fieri
1434 1881 1556 1921 vellet
1574 1882 1686 1930 civis,

173 1937 215 1976 id
239 1938 349 1990 quod
370 1953 395 1977 a
416 1943 537 1990 patre
559 1937 594 1976 ei
621 1938 768 1977 deerat
794 1937 847 1977 ad
877 1936 1102 1983 civitatem,
1125 1935 1302 1989 populus
1331 1936 1484 1976 addere
1505 1938 1688 1979 debebat

175 1993 410 2033 donatione.
448 1993 686 2032 WEBER.

233 2052 327 2101 691,
354 2050 413 2088 18.
439 2047 708 2101 Κυνόσαργες]
734 2048 848 2088 Citat
869 2048 908 2087 h.
926 2048 950 2087 l.
978 2046 1291 2100 Harpocration
1312 2061 1348 2086 v.
1377 2049 1625 2101 Κυνόσαργες
1645 2055 1689 2091 et

175 2119 211 2144 v.
235 2106 372 2144 Νόθοι.
407 2104 599 2149 REISK.
664 2104 717 2143 V.
742 2103 959 2143 Plutarchi
982 2103 1036 2142 V.
1060 2102 1262 2142 Themist.
1285 2116 1319 2141 c.
1347 2116 1379 2142 1.

225 2162 338 2233 plicis*
369 2161 705 2210 δι’-τετιμηκότες
730 2160 888 2214 ἄλλοις]
918 2159 1063 2200 Citant
1091 2159 1250 2198 Aneed.
1279 2158 1411 2198 Bekk.
1438 2174 1478 2212 p.
1507 2170 1598 2215 175,
1625 2172 1687 2215 17.

178 2216 426 2325 ιςζξξῇἓξ.
450 2271 571 2325 τοῦτ’]
602 2271 653 2311 Id
680 2276 758 2318 est,
787 2271 898 2324 quod
921 2270 1198 2310 Aristocratis
1226 2269 1464 2323 psephisma
1490 2273 1688 2324 postulat,

177 2327 415 2367 Charidemi
437 2327 705 2367 securitatem
725 2331 853 2379 atque
874 2326 985 2366 vitae
1007 2325 1195 2365 tutelam.
1230 2327 1287 2364 W
1295 2326 1469 2365 EBER.

236 2386 330 2436 693,
359 2395 395 2423 2.
432 2383 743 2434 οὗτοι-αὐτοῖς]
780 2382 1088 2422 Aristocratem
1118 2381 1218 2421 dicit
1248 2381 1419 2434 ejusque
1448 2382 1687 2424 advocatos.

178 2439 372 2478 REISK.
