1997 3256
564 158 886 200 ADVERSUS
936 160 1262 201 LEPTINEM.
1591 163 1670 203 661

213 266 398 318 466,13
428 263 527 316 ἔστι]
563 263 683 314 Quod
715 263 755 303 in
791 265 831 304 S.
863 265 1053 306 additum
1085 271 1149 306 est
1179 268 1251 316 μὲν
1281 266 1504 307 111anifesto
1535 281 1674 307 errore

157 320 326 367 librarii,
364 319 529 373 punctis
564 319 758 373 utrinque
800 327 1002 362 notarunt
1036 337 1183 362 manus
1224 322 1489 363 recentiores
1557 323 1673 364 Citat

157 376 197 416 h.
219 377 244 416 l.
268 375 470 416 Priscian.
493 376 555 416 18.
578 391 617 430 p.
645 389 653 415 ι
674 379 759 428 169.
787 378 879 427 (vol.
906 390 941 416 2.
966 393 1006 431 p.
1031 381 1137 429 182.)

212 435 309 484 466,
338 446 399 483 15.
422 433 467 482 τῇ
490 433 766 486 ὃὲ-πολίτης]
796 434 859 474 Ut
881 434 1031 474 Graeci
1059 434 1204 474 dicunt
1232 438 1359 474 ποιεῖν
1379 435 1545 483 πολίτην
1574 434 1671 484 τινά,

157 488 215 529 sic
246 488 287 528 in
314 489 459 528 eodem
484 503 635 542 genere
665 494 762 528 sunt
790 492 954 539 ποίησις,
984 492 1151 539 ποιητός,
1183 491 1448 539 δημοποίητος,
1480 491 1530 530 ‹le
1559 505 1674 544 pere-

155 544 297 599 grinis,
322 545 390 597 qui
413 545 705 585 adsciscuntur
726 544 766 584 in
790 561 1005 585 numerum
1028 546 1189 585 civium.
1224 548 1273 585 F.
1300 549 1353 585 A.
1379 546 1574 585 WOLF.

212 604 308 651 466,
334 613 398 641 20.
427 603 488 641 καὶ
519 601 622 640 ταῦθ’
651 602 722 654 ὧι]
754 602 866 641 Bene
899 602 1104 641 wolfius:
1137 608 1171 641 et
1197 602 1278 654 ejas
1300 602 1452 654 ,acueris
1479 601 1672 654 betzrficc'a,

155 671 254 711 quae
274 658 371 710 reip.
394 658 563 697 masinae
585 664 675 697 suut
696 659 925 697 necessaria.
960 659 1020 697 καὶ
1042 658 1081 696 h.
1105 658 1129 696 l.
1152 662 1216 696 est
1236 664 1270 697 et
1291 658 1460 710 quidem,
1484 672 1532 697 ac
1554 661 1674 697 ταῦτα

155 728 231 766 pro
254 716 349 753 κατὰ
371 717 501 755 ταῦτα.
525 714 668 766 itaque
690 728 784 762 non,
807 718 854 753 ut
875 714 977 754 alias
1000 713 1167 762 dicitur,
1191 713 1251 752 καὶ
1272 716 1402 761 ταῦτα,
1418 714 1672 765 praesertim.

156 771 204 809 F.
228 770 282 809 A.
307 770 504 809 WOLF.

211 827 307 889 466
334 838 398 865 21.
423 828 505 866 ἴστε
532 828 606 877 γὰρ
633 825 826 878 δήπου-]
851 826 990 865 Locus
1011 825 1077 865 hie
1101 825 1151 865 de
1177 840 1221 865 re
1242 825 1516 866 ΐιιιιιιριιιιιιϊίι
1540 827 1672 867 Athe-

154 881 357 921 niensium
393 881 601 923 classicus
640 888 686 922 ut
722 895 802 934 quo
837 895 899 934 gr·
888 881 1069 921 ιινίοι6ιιι
1106 881 1274 921 omnino
1312 896 1393 921 non
1430 882 1670 930 habeamus,

153 937 342 991 inplimis
374 937 521 991 dignus
555 944 631 985 est,
665 937 733 991 qui
768 937 962 991 deinceps
993 937 1230 977 accuratius
1263 938 1673 978 illust1·etul..ann

154 994 359 1041 Athenas,
397 993 584 1047 quamvis
619 994 784 1047 fiugum
824 993 1062 1033 inventione
1103 993 1199 1032 olim
1235 998 1324 1033 tam
1361 994 1530 1041 nobiles,
1570 995 1673 1034 sitis

153 1055 320 1090 constat
350 1050 582 1103 posteriore
604 1055 791 1103 tempore
820 1049 1007 1090 florentis
1035 1049 1286 1103 reipublicae
1309 1050 1418 1089 nullo
1440 1065 1570 1104 prope
1591 1051 1672 1090 alio

152 1107 361 1146 frumento
392 1121 488 1146 usas
519 1120 608 1146 esse
640 1121 765 1159 quam
795 1106 1054 1151 advectici03
1102 1106 1227 1158 idque
1263 1106 1351 1159 jam
1386 1107 1481 1146 belli
1516 1107 1671 1147 Persici

152 1163 411 1216 temporibus
431 1164 589 1202 factum
611 1178 659 1202 cx
685 1163 904 1202 Herodoto
927 1162 1090 1201 scimus.
1152 1162 1315 1202 Deinde
1336 1168 1461 1203 aucta
1483 1164 1674 1216 frequen-

152 1218 214 1259 tia
244 1219 483 1267 incolarum,
508 1233 634 1272 quum
662 1219 794 1258 solum
825 1218 1001 1258 Atticae
1029 1219 1164 1257 minus
1192 1233 1266 1272 per
1294 1234 1336 1258 se
1365 1220 1495 1266 ferax,
1520 1220 1672 1273 quippe

152 1276 379 1325 λεπτόγεων
404 1280 447 1315 et
474 1277 721 1327 κριθοφόροι,
746 1280 892 1315 tantae
918 1274 1176 1314 multitudini
1205 1275 1379 1315 alendae
1408 1290 1489 1315 non
1512 1276 1670 1315 suffic-e

152 1335 230 1379 ret,
254 1331 353 1370 illud
378 1332 498 1385 longe
527 1331 653 1371 etiam
681 1331 812 1385 magis
841 1332 999 1371 factum
1027 1331 1252 1384 scriptores
1281 1336 1426 1371 nostro
1455 1346 1671 1384 suppares,

153 1402 255 1441 quos
283 1392 431 1441 postea
461 1393 653 1428 auctmes
685 1388 805 1435 dabo,
836 1387 999 1427 docent.
1062 1387 1295 1427 Petebatur
1323 1392 1465 1427 autem
1494 1391 1672 1427 frumen-

153 1450 244 1484 tum
283 1444 463 1484 maxime
503 1458 525 1484 e
568 1444 721 1491 Ponto,
762 1444 870 1482 unde
921 1444 1131 1496 quotannis
1174 1443 1370 1483 Athenas
1413 1443 1577 1483 invecta
1618 1444 1673 1484 ad

151 1513 322 1552 400000
357 1500 611 1539 medimnum
642 1514 693 1540 ex
729 1500 768 1539 h.
801 1500 826 1538 l.
859 1499 1070 1547 discimus,
1101 1505 1191 1539 tum
1227 1514 1278 1539 ex
1312 1499 1403 1539 aliis
1439 1500 1576 1547 terris,
1614 1500 1673 1539 in-

151 1556 295 1610 primis
337 1556 488 1603 Sicilia,
533 1556 684 1610 Cypro,
727 1556 915 1604 Euboea,
957 1556 1167 1610 Aeo->pta
1211 1570 1259 1596 ea
1300 1555 1431 1609 copia,
1474 1560 1522 1595 ut
1561 1556 1674 1596 haud

152 1614 352 1666 majorem
379 1614 433 1653 ad
462 1613 629 1653 eosdem
651 1627 761 1660 usus,
784 1612 933 1667 quibus
959 1613 1214 1652 fiumentum
1235 1612 1444 1652 veteribus
1473 1612 1670 1657 inserviit,

152 1669 275 1709 hodie
296 1670 501 1710 maximae
524 1674 565 1710 et
587 1669 879 1710 celeberrimae
900 1669 1025 1708 urbes
1046 1674 1307 1708 consumant.
1371 1668 1542 1708 Summa
1564 1668 1672 1708 enim

153 1726 330 1766 efficitur
350 1727 435 1766 fere
459 1728 626 1766 800000
647 1726 918 1772 medimnum,
936 1740 1062 1778 quum
1084 1730 1228 1765 orator
1249 1725 1379 1772 dicat,
1400 1725 1598 1765 frumenti
1621 1740 1672 1765 ex

151 1782 318 1835 reliquis
339 1782 440 1822 locis
461 1782 653 1822 omnibus
681 1781 869 1822 convecti
898 1782 1059 1835 copiam
1085 1797 1178 1821 cum
1200 1796 1262 1828 ea,
1286 1796 1411 1835 quam
1432 1796 1538 1821 unus
1562 1782 1671 1821 Pon—

152 1843 221 1879 tus
242 1839 443 1887 mitteret,
466 1838 819 1892 aequiparabilem
839 1853 941 1878 esse.
987 1838 1081 1878 Hoc
1104 1844 1168 1878 est
1190 1840 1209 1878 ὁ
1234 1840 1275 1878 ἐκ
1295 1841 1362 1877 τοῦ
1387 1839 1541 1877 Πόντου
1563 1843 1672 1880 σῖτος

153 1895 346 1935 εἰσπλέων
379 1896 462 1935 ἐστὶ
492 1896 588 1945 πρὸς
619 1895 772 1935 ἅπαντα
802 1895 870 1934 τὸν
908 1896 948 1934 ἐκ
980 1899 1055 1934 τῶν
1087 1896 1221 1934 ἄλλων
1259 1895 1452 1944 ἐμπορίων
1483 1895 1669 1945 ἀφικνού-

151 1969 284 2001 μενον.
347 1951 563 1992 Particula
603 1951 698 2002 πρὸς
735 1950 776 1990 in
811 1950 876 1990 his
918 1951 1046 1990 servit
1082 1949 1384 2004 comparationi
1421 1954 1495 1990 aut
1531 1950 1671 2004 aequi-

151 2008 376 2061 parationi.
439 2007 505 2047 Sic
541 2007 848 2047 Demosthenes
881 2007 932 2046 (16
979 2006 1096 2047 llass.
1128 2022 1168 2061 p.
1196 2008 1290 2058 185,
1321 2019 1361 2059 3.
1397 2008 1440 2045 ἐν
1473 2007 1590 2060 ταύτῃ
1625 2009 1670 2056 τῇ

151 2066 267 2104 πόλει
302 2064 478 2116 χρήματα
514 2064 645 2104 ἔνεστι
679 2064 774 2114 πρὸς
809 2063 963 2105 ἁπάσας
998 2065 1066 2105 τὰς
1107 2065 1234 2104 ἄλλας
1269 2063 1418 2104 πόλεις
1482 2062 1671 2102 Vfflbuln

151 2124 292 2160 autem
328 2123 507 2160 εἰσπλεῖν
540 2120 590 2160 de
626 2119 846 2168 mercibus,
880 2134 986 2172 quae
1022 2119 1195 2159 navibus
1228 2119 1366 2172 aliquo
1403 2118 1669 2166 invehuntur,

152 2181 298 2217 notum
327 2182 403 2224 est,
427 2181 474 2216 ut
500 2175 757 2230 generalem
784 2176 930 2216 eadem
958 2190 1017 2223 16,
1040 2176 1303 2228 εἰσέρχεσθαι.
1329 2175 1378 2214 F.
1397 2176 1454 2214 A.
1475 2174 1615 2214 WOI
1622 2176 1670 2215 F.

153 2233 269 2274 Conf.
292 2233 527 2273 Boeckhius
550 2233 600 2272 de
623 2232 779 2272 Oecon.
805 2232 1054 2272 Atheniens.
1076 2232 1152 2272 vol.
1180 2246 1211 2271 1.
1235 2246 1274 2285 p.
1295 2231 1360 2270 86.
1384 2230 1637 2270 SCHAEF.

207 2291 304 2338 466,
330 2302 392 2329 22.
422 2288 658 2342 ἐπεισάκτῳ]
682 2289 736 2328 V.
758 2303 798 2342 p.
826 2301 917 2342 254,
944 2301 1009 2328 21.
1039 2288 1225 2330 ἐπακτοὺς
1252 2288 1394 2337 πυροὺς
1423 2286 1529 2327 dixit
1556 2287 1669 2327 Alei-

150 2346 284 2399 phron
321 2360 353 2385 1.
391 2360 467 2397 24„
502 2346 651 2397 ἀγορὰν
702 2346 934 2385 ἐπείσακτον
981 2344 1236 2386 Plutarchus
1270 2343 1322 2386 V.
1357 2343 1504 2387 Coriol.
1538 2358 1571 2385 O.
1607 2357 1668 2390 12.

153 2402 404 2442 SCHAEF.

208 2459 302 2508 πρὸς
332 2460 462 2498 τοίνυν
494 2458 646 2498 ἅπαντα
678 2477 709 2498 κ.
732 2476 765 2498 τ.
787 2459 845 2512 λ.]
876 2459 960 2498 ἔστι
990 2459 1083 2511 πρὸς
1113 2458 1265 2498 ἅπαντα
1299 2458 1384 2497 ἀντὶ
1415 2461 1481 2497 τοῦ
1513 2459 1669 2509 συγκρί-

151 2518 289 2555 νεσθαι
320 2515 477 2554 δύναται
505 2514 597 2565 πρὸς
628 2514 792 2554 ἅπαντα.
855 2514 1000 2568 Neque
1031 2529 1196 2555 necesse
1225 2519 1288 2554 est
1316 2518 1481 2553 mutare
1511 2513 1552 2552 in
1578 2516 1597 2552 ὁ
1628 2516 1669 2553 ἐκ

150 2575 218 2610 τοῦ
252 2571 405 2610 Πόντου
438 2574 544 2611 σῖτος
576 2571 630 2611 εἷς
662 2571 808 2610 πλείων
840 2572 924 2611 ἐστὶ
952 2571 1049 2622 πρὸς
1079 2571 1244 2619 ἅπαντα,
1274 2584 1422 2623 parum
1451 2569 1669 2610 commoda

151 2626 473 2667 constructione.
508 2626 566 2665 H.
592 2625 783 2666 WOLF.

207 2686 303 2733 466,
330 2696 393 2734 25.
426 2683 490 2722 τὸν
519 2683 807 2734 ronow—&xciv
834 2682 1041 2735 πλεῖστον]
1073 2682 1139 2721 Ex
1168 2682 1354 2735 pluribus
1383 2686 1570 2721 veterum
1598 2696 1669 2735 ap-

150 2746 272 2793 paret
303 2739 529 2779 maximum
560 2739 601 2778 in
635 2738 716 2779 ista
747 2739 914 2793 regione
948 2739 1038 2791 jam
1070 2742 1159 2778 tum
1190 2738 1387 2777 frumenti
1420 2743 1668 2791 proventum

150 2796 288 2835 fuisse.
352 2795 458 2835 Nam
487 2795 547 2835 ita
575 2794 779 2848 hodieque
806 2794 1048 2848 reperimus.
1112 2794 1209 2834 Vid.
1238 2793 1492 2847 l'eyssonelii
1526 2794 1669 2834 Traite'

148 2866 220 2891 sm·
241 2852 273 2891 le
294 2866 497 2891 commem&
517 2851 563 2890 (le
591 2851 632 2890 la
654 2866 736 2891 mel·
755 2852 877 2899 noire,
899 2851 1050 2890 librum
1073 2849 1197 2890 etiam
1221 2850 1469 2890 Germanice
1493 2865 1667 2890 versum.

152 2907 332 2948 Omnino
361 2907 401 2946 iu
431 2907 604 2948 historia
636 2912 898 2947 mercaturae
928 2907 1126 2959 antiquae
1154 2906 1433 2946 memorabilis
1462 2910 1527 2946 est
1559 2906 1668 2946 Pon-

151 2969 230 3009 tus,
269 2964 307 3003 h.
341 2981 372 3004 e.
406 2969 498 3004 tota
534 2978 608 3005 ora
645 2964 855 3005 maritima
895 2963 1020 3003 Ponti
1060 2963 1223 3013 Euxini,
1262 2962 1440 3003 maxime
1477 2977 1668 3003 occasum
