1997 3256
522 155 846 197 ADVERSUS
890 159 1373 201 ARISTOCRATEM.
1624 163 1708 205 953

190 258 324 299 altero
344 262 497 310 πρῶτον
518 260 570 299 ad
599 260 864 302 minuendam
886 263 1113 316 pleonasmi
1143 264 1320 318 speciem
1342 266 1503 315 πρώτων
1527 264 1709 305 scriben-

190 314 287 353 dum
314 329 402 354 esse
432 316 610 369 conjecit
640 316 821 357 Lobeck.
851 319 904 358 ad
928 319 1054 372 Soph.
1078 320 1147 373 Aj.
1175 335 1215 373 p.
1239 333 1333 373 333.
1367 321 1518 361 collata
1548 336 1587 374 p.
1609 334 1706 374 517,

193 382 256 418 14.
285 371 349 409 ἵνα
369 371 519 420 πρώτης
540 375 605 421 τῆς
625 374 852 415 τελευταίας
872 376 1080 425 γεγονυίας
1100 379 1258 425 μνησθῶ
1282 378 1573 427 καταγνώσεως.

246 426 341 476 687,
366 437 431 478 27.
452 426 778 482 Ἀριοβαρζάνην]
804 430 858 468 V.
880 430 934 469 ad
961 445 1001 483 p.
1028 432 1123 478 666,
1152 433 1212 469 18.

246 481 341 533 687,
367 483 431 521 28.
454 488 556 533 τρεῖς
577 484 707 538 ὄντας]
734 485 915 524 1)1ὼί11111
937 492 1001 526 est
1033 500 1130 525 num
1154 486 1460 526 Ariobarzanes
1490 487 1558 527 illo
1579 488 1706 527 trium

187 550 360 577 numero
382 537 435 577 sit
457 539 672 579 conclusus
694 555 747 580 an
770 541 971 587 exclusus
996 542 1073 581 hoe
1094 549 1170 588 est,
1193 542 1311 582 liberi
1335 543 1423 594 ejus
1445 543 1527 581 duo
1548 558 1600 583 an
1623 549 1710 583 tres

187 592 358 633 fuerint.
424 594 661 648 Utrumque
682 596 764 636 fert
784 596 862 635 loei
885 597 1007 636 ratio.
1040 597 1237 637 REISK.
1302 598 1449 637 Malim
1471 603 1573 649 τρεῖς
1595 601 1710 641 ὄντας

189 648 239 688 de
267 648 362 688 filiis
393 649 632 705 intelligere.
697 652 787 701 Quo
815 653 949 705 major
976 653 1086 692 enim
1115 667 1323 701 numerus,
1347 668 1396 692 eo
1423 654 1591 707 gravior
1618 670 1709 695 ora-

188 704 294 744 toris
315 707 610 759 expostulatio.
644 707 795 748 SOHA
806 707 895 747 EF.

247 762 341 809 688,
371 775 403 801 Ι.
434 764 629 803 Φιλίσκον
661 764 722 803 καὶ
738 762 930 816 ἸΑγαυον]
961 763 1024 803 De
1053 764 1235 804 Philisco
1257 779 1292 803 v.
1315 765 1369 804 ad
1395 779 1432 818 p.
1458 767 1553 813 666,
1578 768 1638 806 18.
1667 772 1710 807 et

189 816 387 870 Xenoph.
421 817 623 859 Hellenic.
649 831 684 870 7,
714 833 745 865 1,
771 832 837 870 27.
890 819 1062 859 Diodor.
1093 833 1152 871 15.
1180 833 1243 870 70.
1306 820 1369 859 De
1416 821 1566 874 Agaue
1609 822 1710 862 nihil

189 873 370 926 comperi
393 879 561 926 praeter
583 875 637 922 id,
662 875 773 928 quod
795 875 834 914 h.
857 875 881 914 l.
905 880 1049 915 orator
1076 876 1217 916 refert.
1254 876 1496 916 WEBER.
1550 879 1710 918 Accen-

188 933 279 968 tum
314 929 492 969 nominis
519 929 694 982 >Ἀγαυος
728 935 912 971 testatur
949 931 1106 972 Arcad.
1145 946 1184 985 p.
1213 946 1281 986 45,
1312 946 1372 986 15.
1435 933 1549 973 Male
1583 933 1712 988 igit-ur

187 983 359 1036 Ἀγαυόν
380 985 421 1024 in
444 986 533 1025 cod.
557 1001 650 1026 uno.

246 1040 341 1088 688,
368 1053 403 1080 2.
426 1042 619 1091 Τιμοθέου
641 1041 824 1091 ὃόξαατός
852 1060 888 1082 τι
914 1046 1073 1093 ποιῆσαι
1094 1048 1171 1083 τῶν
1200 1045 1368 1084 δεόντων
1389 1046 1497 1097 ὑμῖν]
1525 1045 1710 1099 Aliquod

188 1096 400 1150 praeclare
436 1098 595 1137 factum
631 1098 960 1153 intelligendum,
995 1099 1122 1139 veluti
1159 1100 1369 1153 expeditio
1406 1101 1448 1140 in
1485 1100 1710 1155 Corcyram

187 1153 301 1192 facta
330 1158 374 1192 et
394 1153 570 1193 victoria
598 1154 648 1195 de
671 1154 1014 1194 Lacedaemoniis
1041 1160 1272 1209 reportata.
1308 1156 1361 1195 V.
1387 1157 1584 1210 Xenoph.
1608 1158 1711 1198 Hel-

188 1207 305 1247 lenic.
327 1219 366 1262 5,
389 1224 431 1256 4,
453 1210 520 1261 64.
553 1211 590 1255 6,
617 1223 652 1257 2,
678 1223 737 1249 11.
792 1211 953 1250 Cornel.
980 1211 1083 1264 Nep.
1108 1211 1162 1251 V.
1186 1211 1369 1252 Timoth.
1396 1226 1431 1253 2.
1465 1214 1709 1254 WEBER.

247 1264 341 1312 688,
365 1280 404 1314 4.
429 1267 708 1318 Φρασιηρίδην]
737 1266 902 1320 Olynip.
928 1279 1016 1320 105.
1038 1281 1077 1320 3.
1100 1267 1211 1307 inter
1231 1267 1486 1308 trierarchos
1515 1274 1606 1309 erat
1628 1270 1711 1309 dic-

189 1324 258 1359 tus
289 1320 606 1374 Anaphlystius.
662 1322 715 1362 V.
739 1328 846 1361 orat.
869 1337 902 1362 c.
930 1323 1083 1376 Polyel.
1107 1338 1146 1376 p.
1172 1337 1288 1374 1219.
1351 1325 1460 1363 Eum
1490 1331 1710 1365 consuetu-

189 1374 284 1415 dine
327 1377 596 1429 conjunetum
635 1377 761 1417 fuisse
811 1392 905 1417 eum
947 1378 1169 1418 Timotheo
1209 1386 1387 1432 apparet
1437 1395 1489 1419 ex
1529 1386 1636 1421 orat.
1676 1396 1710 1421 c.

191 1430 372 1471 Timoth.
416 1447 455 1485 p.
494 1446 505 1471 1
526 1447 613 1485 ¹97·
675 1433 949 1486 Polysthenes
990 1434 1157 1474 aliunde
1203 1435 1302 1474 mihi
1344 1450 1425 1474 non
1466 1441 1591 1476 notus
1632 1442 1709 1477 est.
1735 1450 1738 1451 ’

190 1487 435 1527 WEBER.
499 1488 616 1528 Conf.
642 1488 876 1529 Rehdantz.
902 1490 973 1529 vit.
1001 1490 1154 1543 Iphicr.
1179 1505 1218 1543 p.
1243 1492 1333 1541 167.

248 1543 342 1590 688,
375 1558 381 1582 1
404 1557 434 1582 1.
459 1544 526 1584 τὸν
549 1544 578 1584 δ’
603 1546 703 1586 ὅλως
729 1546 852 1587 οὐδεὶς
874 1545 994 1598 οἶδεν]
1024 1545 1076 1585 V.
1100 1546 1153 1585 ad
1174 1561 1213 1599 p.
1235 1548 1332 1600 598,
1359 1559 1422 1599 23.

248 1599 346 1647 688,
371 1612 434 1649 24.
461 1600 674 1653 ἐξήλασαν]
703 1600 960 1641 Ostracismo
983 1601 1147 1655 Olymp.
1173 1614 1237 1653 77,
1263 1615 1299 1642 2.
1336 1604 1581 1643 WEBER.

248 1656 343 1700 688,
370 1669 433 1707 25.
474 1657 644 1705 Κίμωνα,
679 1658 737 1696 ὅτι
774 1658 843 1706 τὴν
875 1658 1036 1708 Παρίων
1070 1659 1298 1708 μετεκίνησε
1334 1660 1554 1713 πολιτείαν]
1594 1660 1711 1700 Idem

190 1711 347 1750 oratori
379 1710 446 1750 hie
481 1712 633 1751 accidit
665 1713 775 1765 quod
805 1728 845 1766 p.
876 1715 970 1764 687,
1000 1727 1039 1765 5.
1079 1718 1126 1753 ut
1156 1714 1285 1753 filium
1317 1729 1393 1767 pro
1430 1722 1551 1768 patre
1582 1716 1711 1755 nomi-

190 1771 324 1806 naret.
400 1767 509 1807 Nam
552 1767 758 1808 Miltiadis
798 1769 996 1808 adversus
1040 1769 1196 1809 Parum
1237 1769 1413 1809 insulam
1455 1776 1630 1811 conatus
1670 1772 1711 1812 in

190 1827 330 1862 mente
361 1823 522 1871 habuit,
555 1824 606 1863 de
638 1824 789 1877 quibus
821 1825 1092 1877 insecutaque
1124 1825 1472 1866 condemnatione
1506 1827 1712 1867 Miltiadis

191 1892 228 1917 v.
253 1878 498 1918 Herodotus
521 1881 558 1923 6,
583 1882 672 1932 136.
736 1880 856 1930 Quod
885 1880 1184 1920 animadvertit
1213 1881 1271 1920 H.
1297 1881 1504 1934 Sauppius
1533 1882 1573 1921 in
1603 1897 1711 1922 com-

191 1939 318 1974 ment.
343 1935 394 1974 de
416 1935 572 1975 caussis
597 1936 897 1989 magnitudinis
918 1936 1064 1975 iisdem
1085 1941 1127 1976 et
1149 1937 1255 1976 labis
1277 1937 1546 1978 Athenarum
1568 1939 1710 1978 Turici

191 1990 306 2030 edita
326 2005 363 2030 a.
399 1992 515 2043 ¹835·
548 2006 587 2044 p.
610 2004 674 2030 21.
754 1992 950 2032 Ceterum
973 1992 1133 2032 Cimoni
1162 2007 1326 2045 quoque
1348 2007 1495 2034 caussa
1519 1995 1712 2047 capitalis

194 2047 398 2097 (θανατικὴ
421 2047 502 2096 δίκη
524 2062 590 2099 ap.
615 2047 725 2087 Plut.
749 2047 805 2086 V.
831 2047 988 2087 Cimon.
1013 2062 1045 2087 c.
1073 2050 1153 2097 10.)
1177 2048 1282 2088 alius
1311 2049 1492 2089 criminis
1513 2056 1712 2091 accusato

192 2102 407 2141 subeunda
429 2102 509 2142 fuit
529 2119 536 2142 2
570 2117 651 2155 quo
672 2103 761 2142 fieri
782 2103 922 2156 potuit
944 2108 991 2143 ut
1010 2103 1226 2144 falleretur
1250 2105 1449 2145 memoria
1470 2106 1662 2146 oratoris.

250 2158 346 2204 688,
374 2158 438 2196 28.
463 2158 693 2211 ἐξέπραξαν]
720 2176 779 2210 γρ.
805 2159 1021 2210 ἐπράξαντο
1052 2159 1108 2207 S„
1133 2161 1243 2212 quod
1268 2161 1575 2201 Demosthenes
1605 2162 1712 2202 dixit

192 2227 233 2266 p.
256 2226 353 2265 429.
385 2215 763 2265 Καλλίαν-μικροῦ
782 2216 855 2264 μὲν
877 2215 1122 2263 ἀπέκτειναν,
1148 2217 1190 2255 ἐν
1213 2218 1253 2255 δὲ
1275 2220 1357 2258 ταῖς
1379 2217 1556 2258 εὐθύναις
1576 2219 1713 2268 πεντή-

194 2285 312 2308 κοντα
334 2269 548 2319 ἐπράξαντο
570 2269 755 2309 τάλαντα.
790 2270 1032 2310 WEBER.

253 2324 347 2376 689,
367 2327 404 2364 6.
429 2325 476 2364 ἂν
499 2326 541 2364 ἓν
562 2324 583 2374 ἦ
606 2327 671 2365 δύο
695 2327 833 2365 ἀστεῖα
855 2328 991 2365 εἴπωσι
1015 2327 1309 2366 καὶ-σύνδικοι
1331 2329 1535 2381 δεηθῶσιν]
1560 2329 1713 2369 Facete

195 2379 317 2420 dictis
349 2385 538 2420 oratores
566 2381 807 2427 utebantur,
838 2386 885 2421 ut
914 2381 1241 2422 imbecillitatem
1273 2397 1443 2422 caussae
1475 2384 1713 2436 obtegendo

194 2436 356 2476 animos
377 2437 430 2475 ab
453 2435 684 2475 intentione
711 2451 850 2476 rerum
876 2442 1113 2477 averterent
1135 2438 1259 2490 idque
1280 2439 1502 2491 praecipue
1523 2440 1564 2478 in
1585 2437 1714 2480 rebus

195 2492 382 2545 publicis.
456 2492 516 2531 Cf.
549 2497 657 2532 orat.
692 2492 871 2545 Philipp.
903 2505 942 2545 3.
976 2508 1015 2545 p.
1046 2505 1134 2543 124.
1200 2493 1391 2533 Prooem.
1424 2509 1462 2547 p.
1495 2497 1609 2545 1461,
1646 2508 1711 2550 25.

195 2550 328 2586 πολλὰ
350 2549 424 2598 γὰρ
446 2548 552 2586 ἄλλα
573 2564 627 2589 τις
652 2547 699 2587 ἂν
720 2548 918 2598 περιέλθοι
940 2550 989 2601 τῷ
1016 2550 1123 2602 λόγῳ
1146 2550 1207 2587 καὶ
1227 2548 1343 2588 πόλλ’
1367 2549 1415 2589 ἂν
1440 2551 1576 2590 ἀστεῖα
1599 2553 1711 2600 εἴποι,

196 2604 326 2644 ἄλλως
347 2620 387 2642 τε
411 2604 472 2642 καὶ
495 2604 627 2653 ὥσπερ
649 2604 793 2642 τούτων
816 2604 910 2642 ἔνιοι
936 2607 1072 2643 δεινῶν
1093 2606 1230 2643 ὄντων.
1272 2619 1310 2657 p.
1339 2618 1456 2654 1441,
1485 2618 1547 2658 25.
1570 2609 1617 2646 τὰ
1637 2611 1714 2647 τῶν

196 2660 327 2708 λόγων
368 2661 516 2701 ἀστεῖα,
556 2659 605 2699 ὡς
647 2659 759 2705 ἔοικε,
797 2662 863 2697 τοῦ
904 2661 951 2697 τὰ
991 2658 1158 2709 μέγιστα
1198 2659 1456 2700 αἰσθάνεσθαι
1498 2663 1714 2703 κεκώλυκεν

197 2715 346 2755 αὐτούς.
407 2715 683 2753 Adhibebant
717 2728 880 2766 quoque
912 2714 981 2767 qui
1012 2715 1052 2753 in
1079 2715 1148 2767 jus
1176 2715 1311 2755 vocati
1340 2722 1460 2756 erant
1491 2717 1646 2756 amieos
1670 2724 1714 2758 et

197 2769 372 2809 tribules
394 2776 436 2810 et
458 2770 646 2809 homines
667 2784 843 2823 magnae
868 2770 1147 2815 auctoritatis,
1170 2770 1238 2823 qui
1264 2770 1342 2809 sibi
1364 2770 1405 2810 in
1426 2771 1498 2811 lite
1519 2773 1715 2814 adessent

199 2830 241 2864 et
273 2826 590 2879 deprecatorum
625 2826 759 2865 offic-ia
791 2831 832 2865 et
868 2830 1010 2878 partes
1044 2826 1315 2879 suscipientes
1342 2826 1528 2879 judicum
1561 2829 1710 2869 severi-

199 2887 331 2921 tatem
354 2881 609 2933 mitigarent.
644 2882 701 2920 Hi
721 2882 986 2935 appellantur
1007 2884 1191 2928 σύνδικοι,
1215 2882 1439 2933 συνήγοροι,
1463 2883 1713 2934 παράκλητοι,

201 2934 476 2987 ἐξαιτούμενοι.
539 2939 735 2978 Graviter
756 2938 863 2977 hune
891 2952 1046 2977 morem
1069 2938 1317 2991 deprecandi
1345 2939 1611 2991 reprehendit
1635 2940 1710 2994 Ly-
