1997 3256
298 147 382 187 680
711 146 1031 186 ADVERSUS
1064 146 1397 186 LEPTINEM.

301 250 351 290 de
378 250 458 290 hac
489 254 631 289 statua
659 254 702 288 et
731 249 842 302 legis
868 249 1090 302 Euagorae
1119 262 1289 288 servans
1294 262 1377 296 ,ex
1410 247 1586 288 Isocrat.
1617 247 1749 301 Euag.
1773 262 1814 316 p.

301 318 394 358 293.
431 306 538 354 ἡμεῖς
572 306 645 353 μὲν
680 305 817 346 αὐτοὺς
853 304 1088 354 ἐτιμησαμεν
1123 308 1206 345 ταῖς
1245 305 1446 354 μεγίσταις
1480 307 1616 353 τιμαῖς,
1653 305 1713 342 καὶ
1749 306 1817 344 τὰς

301 362 451 401 εἰκόιας
480 360 606 398 αὐτῶν
638 360 873 409 ἐστησαμεν,
903 360 1021 410 οὗπερ
1052 359 1095 398 τὸ
1124 362 1191 398 τοῦ
1223 359 1319 399 Διὸς
1350 359 1509 409 ἄγαλμα
1533 375 1600 398 του
1631 375 1815 408 σωτηρος,

300 417 472 463 πλησίοι)
498 415 646 454 ἐκεινου
672 432 714 454 τε
746 432 808 454 και
839 418 953 465 σφῶν
985 415 1121 461 αὐτῶι,
1151 413 1382 464 ἀμφοτέρων
1407 415 1624 463 ὑπόμνημα,
1659 414 1720 452 καὶ
1750 416 1818 451 τοῦ

298 469 489 520 μεγέθους
509 473 574 519 τῆς
603 471 827 521 εὐεργεσίας
856 470 918 509 καὶ
944 472 1010 518 τῆς
1038 470 1173 520 φιλίας
1201 471 1267 517 τῆς
1295 468 1389 519 πρὸς
1417 468 1627 518 ἀλλήλους.
1689 468 1818 507 ΡΓ30-

298 530 418 565 terea
452 525 558 565 conf.
594 525 766 578 Ulpian.
796 526 851 565 ad
880 525 950 564 Or.
986 525 1028 563 in
1062 524 1241 563 Midian]
1268 538 1306 576 p.
1332 525 1424 586 655
1436 523 1485 563 B.
1517 524 1581 563 ed.
1618 523 1816 563 Francof.

300 580 349 620 F.
373 580 426 619 A.
454 580 644 620 WOLF.
683 582 834 631 πρώτου
883 580 984 620 dicit
1024 580 1121 633 (11113
1164 584 1307 618 statua
1347 578 1427 617 vixi
1472 583 1515 617 et
1560 579 1818 618 311010111310

298 636 467 689 publica
493 636 632 688 posita
661 642 737 675 est.
785 636 901 676 Conf.
926 637 991 688 Ly
995 635 1079 675 siae
1099 635 1246 687 fragm.
1279 648 1330 673 ex
1361 638 1468 674 01at.
1495 648 1572 686 pro
1603 634 1818 687 Iphicrate

298 706 339 744 p.
366 705 458 740 140.
482 692 545 731 ed.
571 691 767 731 Hoelsch.
830 692 894 730 De
924 705 1004 744 quo
1026 691 1187 730 monuit
1210 689 1415 743 Beigkius
1444 689 1485 728 in
1508 689 1664 729 Diariis
1685 689 1817 742 antiq.

298 761 335 786 a.
377 748 494 800 1845.
531 762 570 800 p.
595 749 689 800 963.
766 746 950 786 Cononis
988 751 1151 786 statuas
1191 749 1396 784 11101110131
1433 744 1614 784 Pausan.
1649 758 1682 793 1,
1709 757 1801 798 3,2

304 814 338 850 1,
365 814 432 851 24,
453 815 492 855 3.
526 805 563 850 6,
586 815 624 855 3,
654 804 715 842 16.

355 868 408 909 47
417 858 452 905 8,
472 859 509 896 6.
526 859 587 897 καὶ
609 859 761 910 τοῦτον]
786 857 835 896 ld
852 865 927 905 est,
946 858 1143 897 Cononem
1162 869 1235 895 non
1255 856 1389 895 minus
1409 869 1528 908 quam
1549 861 1694 895 ‘cereres
1715 855 1818 904 illos,

299 912 503 952 Harmodi
508 927 571 952 um
591 919 625 952 et
645 913 965 966 Ανὶεΐοῃῐΐοηθηῑ.
1018 913 1083 951 De
1103 911 1274 964 reliquo,
1297 911 1425 951 etiam
1447 911 1513 950 1110
1536 911 1681 950 statim
1698 911 1821 964 plura

299 968 587 1021 psephismata
622 969 834 1015 habemus,
869 969 918 1007 de
954 968 1183 1007 honoribus
1215 967 1399 1020 singulis.
1433 967 1569 1014 cred0‚
1603 967 1763 1006 Cononi
1794 981 1821 1006 a

301 1023 515 1076 republica
539 1023 730 1063 decretis.
774 1024 821 1063 F.
846 1024 899 1063 A.
924 1023 1122 1063 WOLF.

356 1081 453 1130 478,
478 1092 493 1117 1
507 1092 539 1117 1.
564 1080 623 1118 Οὐ
640 1080 770 1118 τοίνυν
791 1079 857 1130 imp*
875 1081 980 1129 ὑμῶν
998 1096 1031 1117 κ.
1049 1095 1082 1118 τ.
1099 1078 1158 1130 λ.]
1185 1077 1301 1118 Citat
1322 1077 1431 1116 hunc
1452 1077 1587 1117 10011111
1608 1077 1821 1117 Aristides

300 1149 340 1187 p.
365 1135 459 1187 238.
501 1133 697 1173 REISK.

357 1190 456 1239 478,
483 1202 546 1242 15.
569 1191 674 1240 παρὰ
695 1193 773 1230 τοῖς
795 1189 951 1241 ἄλλοις]
981 1190 1020 1228 αἱ
1040 1190 1145 1238 παρὰ
1165 1193 1246 1229 τοῖς
1266 1189 1404 1228 ἄλλοις
1425 1189 1577 1239 δωρεαὶ,
1596 1188 1699 1228 dona
1721 1202 1822 1241 quae

300 1245 415 1297 apud
453 1251 588 1284 ceteros
637 1243 775 1284 habet.-
838 1247 903 1293 τῆς
942 1243 1029 1294 παρ’
1071 1245 1189 1293 ὑμῶν,
1231 1243 1324 1282 doni
1364 1244 1468 1296 quod
1505 1257 1531 1282 a
1572 1243 1676 1283 vobis
1714 1244 1821 1283 tulit.

358 1356 454 1406 478.
494 1357 556 1394 16.
592 1354 730 1408 μόνης]
767 1355 865 1393 Vox
905 1356 1024 1404 μόνης
1058 1354 1192 1393 relata
1228 1359 1291 1393 est
1322 1354 1376 1393 ad
1397 1353 1539 1406 plures
1574 1354 1822 1394 donationes

302 1416 538 1451 ceterorum
565 1411 827 1463 populorum,
860 1414 1008 1449 contra
1040 1424 1142 1462 quas
1172 1409 1310 1462 posita
1340 1410 1460 1448 unius
1488 1409 1629 1462 populi
1661 1410 1820 1450 Athen.

302 1466 489 1513 donatio,
515 1465 746 1518 quamlibet
776 1465 1005 1518 multiplex,
1033 1465 1242 1505 duntaxat
1273 1479 1348 1517 pro
1378 1478 1461 1504 una
1491 1465 1636 1504 haberi
1666 1465 1820 1518 potuit.

306 1521 356 1561 F.
381 1522 435 1560 A.
462 1521 654 1560 WOLF.

359 1580 471 1616 τοῦτο
493 1576 658 1616 videtur
679 1576 758 1616 dici
779 1576 873 1616 haec
887 1590 989 1629 pars
1010 1576 1103 1616 (loni
1127 1575 1263 1624 nostri,
1286 1575 1326 1615 h.
1349 1590 1383 1615 e.
1406 1576 1648 1615 ἱηῑῑηιιηῖταε.
1710 1575 1823 1615 Vide

303 1633 358 1672 ad
394 1647 434 1685 p.
467 1645 562 1684 501,
604 1633 669 1672 28.
717 1633 766 1671 F.
791 1632 845 1670 A.
870 1632 1066 1671 WOLF.
1149 1631 1325 1671 Omnem
1366 1632 1476 1671 tollit
1515 1630 1822 1670 dubitationem

305 1688 416 1741 quod
438 1687 629 1740 sequitur
650 1702 685 1726 v.
711 1699 777 1726 21.
801 1687 1025 1738 ἀφελέσθαι
1045 1704 1079 1726 τι
1101 1691 1176 1726 τῶν
1198 1688 1390 1726 δοθέντων
1412 1689 1511 1726 τότε.
1554 1685 1806 1726 SCHAEF.

359 1744 456 1793 478,
481 1755 546 1791 24.
572 1743 801 1795 κάλλιστον]
828 1742 1015 1793 μέγιστον
1038 1741 1247 1782 Aristides
1273 1743 1317 1781 Τ.
1339 1757 1379 1795 p.
1406 1744 1499 1781 206.
1540 1741 1734 1781 REISK.

360 1797 456 1848 478,
484 1810 548 1850 25.
576 1799 609 1837 εἰ
641 1798 1069 1850 παραθείη-ἐποίησε]
1105 1797 1271 1837 Scilicet
1301 1797 1475 1837 κλέπτων
1503 1797 1572 1846 τὴν
1604 1801 1681 1836 τῶν
1707 1797 1823 1846 Ἀθη-

304 1855 424 1893 ναίων
452 1855 631 1905 τείχισιν,
663 1852 828 1892 Aelian.
860 1853 913 1891 V.
939 1853 995 1892 H.
1018 1866 1055 1906 3.
1078 1864 1146 1903 47.
1208 1853 1313 1892 Rem
1344 1857 1440 1905 post
1468 1858 1684 1892 auctorem
1711 1852 1823 1905 prin-

302 1909 446 1962 cipem.
479 1907 764 1961 Thucydidem
804 1921 833 1955 1,
865 1921 943 1957 90..
977 1923 1182 1961 nusquam
1214 1921 1295 1946 non
1328 1907 1554 1960 repetitam
1586 1907 1824 1947 accuratius

303 1978 429 2017 (1113111
449 1978 525 2017 pro
545 1964 714 2003 modulo
737 1963 973 2017 scriptionis
994 1963 1259 2016 persequitur
1276 1963 1416 2016 Nepos
1435 1962 1701 2002 Themistocl.
1718 1977 1749 2001 c.
1768 1964 1821 2011 6.,

304 2019 460 2059 Noster
480 2020 593 2058 locus
620 2019 809 2072 inprimis
837 2019 973 2072 placet
1002 2019 1144 2059 nativa
1167 2019 1348 2071 quadam
1376 2018 1575 2058 narrandi
1601 2018 1822 2072 elegantia.

303 2075 354 2114 F.
377 2076 433 2113 A.
458 2075 655 2114 WOLF.
742 2075 931 2114 Adverte
971 2075 1151 2114 oratoris
1197 2074 1423 2114 artificium
1471 2074 1683 2114 Cononem
1730 2087 1823 2112 cum

305 2128 587 2168 Themistocle
609 2129 665 2168 sic
688 2130 981 2182 comparantis³
1005 2131 1140 2182 major
1160 2135 1208 2169 ut
1235 2129 1277 2168 in
1305 2130 1419 2168 illum
1446 2129 1579 2183 gloria
1600 2129 1820 2169 redundet.

306 2185 472 2224 Scilicet
497 2199 595 2223 suae
623 2189 671 2224 ut
699 2198 869 2224 caussae
891 2185 1077 2231 serviret.
1100 2185 1283 2238 neglexit
1308 2185 1568 2235 περιστάσεις,
1591 2198 1698 2236 quae
1719 2183 1825 2223 satis

303 2240 560 2293 ponderatae
583 2239 904 2279 Themistoclem
925 2240 1140 2292 aliquanto
1162 2240 1294 2293 magis
1317 2240 1543 2279 illustrant.
1571 2239 1822 2279 SCHAEF.

362 2295 457 2345 478,
495 2297 560 2335 26.
601 2294 760 2345 λέγεται
808 2296 1206 2347 ἐκεῖνος-οἴχεσθαι
1258 2296 1825 2346 πρεσβεύων-ἀρνεῖσθαι-

306 2351 755 2399 κελεύειν--παραινεῖν
791 2350 956 2400 πέμπειν
989 2350 1155 2403 ἑτέρους]
1190 2350 1255 2389 En
1286 2351 1413 2390 verba
1446 2349 1640 2403 contigue
1671 2349 1822 2402 posita,

305 2419 411 2458 quae
446 2418 649 2444 summam
682 2419 926 2459 compagem
966 2405 1125 2459 periodi
1165 2405 1351 2451 faciunt3
1403 2405 1562 2458 reliqua
1601 2404 1825 2458 interJecta

307 2465 416 2500 sunt.
460 2461 508 2499 F.
532 2460 586 2499 A.
612 2460 804 2499 WOLF.

362 2527 458 2567 479.
481 2529 520 2564 4.
543 2516 615 2567 οὐχ
635 2515 750 2570 ἧκον]
777 2516 951 2555 Domum
974 2530 1049 2556 ozon
1070 2515 1375 2556 revertebantur.
1407 2515 1657 2556 SEAGER.
1698 2515 1823 2555 Βίαν.

311 2570 474 2610 Classic.
497 2573 566 2622 56.
588 2585 627 2622 p.
656 2581 749 2623 257.

362 2638 459 2676 479,
483 2639 519 2676 7.
543 2626 649 2664 ἀλλὰ
671 2626 716 2673 νὴ
740 2627 818 2664 Δία
839 2625 907 2665 τὸν
929 2630 1049 2666 παῖδα
1070 2626 1139 2666 τὸν
1160 2627 1353 2679 Χαβρίου]
1377 2626 1447 2665 Ad
1467 2626 1603 2665 10011111
1624 2624 1822 2671 venimus,

305 2681 360 2721 ad
382 2694 504 2733 quem
525 2684 668 2719 orator
692 2694 856 2719 omnem
877 2681 960 2720 vim
981 2681 1156 2729 dicendi,
1180 2695 1286 2734 quae
1308 2681 1350 2720 in
1371 2682 1493 2734 hujus
1515 2680 1683 2733 quidem
1705 2679 1824 2719 dicti-

306 2735 396 2775 onis
427 2735 660 2774 orationem
690 2735 840 2775 cadere
872 2741 1025 2789 posset,
1059 2742 1101 2776 et
1137 2751 1258 2776 omne
1288 2736 1410 2777 πάθος
1441 2749 1560 2774 suum
1589 2748 1823 2774 reservasse

307 2790 437 2830 videri
465 2790 604 2829 debet.
666 2789 871 2831 Chabriae
897 2792 1075 2831 honores
1101 2798 1143 2831 et
1170 2790 1401 2844 praemium
1428 2795 1601 2843 propter
1627 2789 1823 2828 heredem

307 2846 407 2897 ejus,
441 2845 696 2898 Ctesippum,
729 2845 807 2885 sibi
843 2845 1031 2899 inprimis
1064 2846 1178 2886 cordi
1211 2860 1311 2893 esse,
1344 2845 1379 2884 si
1413 2845 1579 2885 aliunde
1610 2858 1694 2883 non
1729 2858 1824 2884 con-

309 2905 453 2948 staret,
488 2901 608 2941 facile
642 2900 685 2939 id
717 2914 922 2954 quemque
957 2901 1079 2954 hujus
1111 2901 1189 2940 loci
1222 2900 1435 2941 tractandi
1467 2900 1615 2940 modus
1649 2903 1691 2939 et
1723 2899 1823 2940 arti-
