1997 3256
325 148 435 187 1038
616 147 939 188 ADVERSUS
975 147 1477 188 ARISTOGITONEM
1512 149 1544 188 I.

383 269 476 310 790,
507 269 566 296 12.
592 257 802 311 πιστεύων]
831 256 1016 296 Subaudi
1039 257 1156 296 αὐτὸν
1179 257 1298 309 ἔχειν.
1332 257 1585 297 SCHAEF.

382 326 475 366 790,
508 313 566 352 18.
590 311 678 352 ἀλλ’
701 313 1152 367 ὅτι-ἀπεδοκιμάσατε]
1178 313 1323 353 (litant
1344 313 1505 353 Aneed.
1528 313 1660 353 Bekk.
1682 328 1721 367 p.
1748 326 1838 366 123,

326 370 391 410 28.
428 368 679 409 SOHAEF.

383 437 478 479 790,
505 438 568 465 22.
602 425 1334 479 δακτυλοδεικτεῖτε-τῷν-δεικνύναῇ
1370 425 1484 480 Lego
1522 426 1620 465 εἶναι
1655 440 1731 478 pro
1767 428 1841 465 δει-

325 484 468 522 κνύναι.
532 480 700 521 Scilicet
737 484 841 520 ὃεικν
871 481 1048 535 margini
1084 481 1341 535 adscriptum
1373 482 1427 521 ad
1462 481 1727 521 indicandam
1758 481 1838 521 lec-

322 538 480 578 tionem
513 540 948 585 δακτυλοΔΕῘΚΝεῖτε,
981 538 1188 590 quomodo
1220 538 1378 578 habent
1408 538 1547 591 plures
1582 538 1724 585 MSS,
1751 537 1839 577 voci

324 595 424 635 εἶναι
444 593 550 634 male
572 593 881 648 agglutinatum
901 598 978 633 est.
1010 594 1181 634 DOBR.
1229 594 1480 647 Conjectura
1502 595 1687 648 speciosa
1708 594 1840 648 magis

323 665 449 704 quam
470 665 580 690 vera.

380 707 588 760 δεικνύναι]
613 706 797 746 Subaudi
821 707 950 746 αὐτόν.
975 707 1043 746 οὐκ
1065 706 1284 756 ἀμέμπτους
1303 709 1426 756 μόνον
1447 708 1542 757 ὑμᾶς
1563 707 1710 755 αὐτοὺς,
1734 708 1841 746 ἀλλὰ

325 764 386 804 καὶ
408 764 650 812 θαυμαστοὺς
673 765 842 812 ἐδείξατε
864 778 903 817 p.
926 776 1020 816 300,
1045 776 1107 815 17.
1141 763 1391 803 SCHAEF.

378 825 454 860 τῶν
474 819 999 872 ὑπαρχόντων-μενόντων]
1025 819 1141 859 Idem
1170 825 1231 859 est
1255 834 1302 859 ac
1329 819 1363 858 Si
1391 818 1591 860 dixisset:
1623 822 1699 858 τῶν
1719 820 1839 870 ὑπαρ-

321 878 475 928 χόντων
512 877 639 926 νόμων
678 877 876 926 μενόντων
913 876 974 915 καὶ
1009 878 1074 925 τῆς
1108 877 1356 928 ὑπαρχούσης
1396 877 1596 917 πολιτείας
1635 877 1837 926 μενούσης.

322 932 518 972 REISK.

381 1000 477 1042 790,
502 990 566 1029 26.
590 988 699 1042 ὅταν]
724 989 761 1028 τί
780 989 854 1039 γὰρ
877 988 979 1027 ἄλλο
1007 988 1117 1027 ἔσται
1139 989 1181 1027 τὸ
1203 993 1438 1038 μεταποιεῖν,
1461 987 1482 1038 ἦ
1505 989 1656 1028 ὅταν-
1678 1003 1716 1041 p.
1741 989 1836 1037 640,

326 1058 389 1084 12.
443 1046 547 1084 1&on
569 1044 668 1084 ibid.
691 1059 726 1083 v.
750 1045 813 1084 16.
836 1045 874 1083 τί
893 1045 923 1083 δ’
947 1045 1048 1084 ἄλλο
1071 1045 1114 1083 τὸ
1137 1049 1313 1097 συγχεῖν,
1336 1044 1358 1095 ἢ
1380 1046 1543 1085 ὅταν-.
1597 1045 1649 1084 V.
1673 1050 1759 1084 not.
1783 1045 1835 1084 ad

319 1117 360 1155 p.
384 1102 480 1156 586,
505 1103 542 1142 6.
576 1100 828 1141 SCHAEF.

380 1171 475 1211 791,
499 1173 537 1209 4.
572 1156 624 1211 εἰ]
651 1157 839 1196 Adverte
867 1156 1114 1210 particulam
1143 1157 1466 1198 conditionalem
1491 1157 1568 1197 hac
1596 1156 1638 1197 in
1666 1157 1836 1210 periodo

319 1220 385 1254 ter
413 1214 605 1269 positam.
670 1213 741 1253 Bis
770 1213 950 1267 positam
979 1213 1123 1253 eadem
1153 1213 1193 1252 in
1221 1214 1394 1267 periodo
1416 1213 1572 1254 videbis
1593 1228 1631 1267 p.
1655 1216 1773 1262 1028,
1796 1227 1835 1266 5.

320 1271 374 1309 V.
397 1272 451 1311 ad
470 1286 509 1324 p.
532 1272 630 1320 481,
654 1284 692 1323 3.
727 1269 979 1310 SCHAEF.

379 1339 473 1380 791,
498 1328 535 1367 6.
559 1327 656 1380 ὅροι]
681 1327 788 1366 Sunt
809 1326 875 1365 hic
905 1331 947 1366 et
976 1326 1017 1365 in
1043 1325 1133 1365 aliis
1154 1326 1387 1367 forensibus
1409 1341 1531 1380 saepe
1552 1326 1676 1366 libelli
1698 1326 1836 1366 vendi-

318 1384 442 1424 tionis
465 1389 540 1424 aut
567 1383 709 1431 debiti,
734 1382 889 1422 indices
917 1382 1029 1423 affixi
1055 1382 1227 1422 aedibus
1253 1388 1326 1423 aut
1347 1384 1496 1423 fundis.
1524 1382 1717 1423 WOLF.
1782 1383 1835 1423 V.

321 1440 549 1480 Salmasius
587 1440 637 1479 de
676 1440 736 1479 M.
767 1439 821 1478 U.
859 1454 896 1493 p.
931 1440 1028 1493 508.
1065 1453 1291 1494 rursusque
1326 1455 1401 1494 per
1436 1445 1574 1480 totum
1610 1444 1737 1493 caput
1771 1451 1832 1493 15.

320 1497 531 1537 Hei-aldus
554 1496 778 1536 Animadv.
801 1496 825 1536 l.
848 1509 887 1549 3.
911 1511 942 1535 c.
968 1498 1005 1535 6.
1052 1496 1218 1536 Petitus
1243 1497 1334 1536 LL.
1358 1496 1491 1537 Attio.
1513 1512 1552 1550 p.
1574 1497 1669 1550 506.
1717 1496 1836 1536 Vale-

320 1553 404 1593 sius
425 1554 477 1593 ad
502 1553 758 1606 Harpocrat.
782 1567 813 1592 s.
837 1567 872 1592 v.
895 1553 988 1603 ὅροι.
1023 1552 1288 1593 TAYLOR.

378 1622 470 1663 791,
502 1623 511 1648 1
530 1624 561 1649 1.
583 1611 605 1659 ἡ
628 1609 740 1651 σανὶς
760 1610 782 1659 ἡ
804 1611 908 1660 παρὰ
933 1609 976 1663 τῇ
1001 1609 1089 1662 θεῷ]
1115 1609 1387 1649 Aerariorum
1409 1609 1578 1649 nomina
1601 1608 1836 1662 antiquitus

317 1666 465 1720 lignea,
494 1665 761 1720 postmodum
787 1679 917 1705 aenea
944 1665 985 1704 in
1013 1665 1158 1705 tabula
1187 1665 1529 1720 insculpebantur
1558 1665 1599 1704 in
1627 1665 1730 1705 aede
1755 1665 1836 1705 Mi-

317 1737 469 1763 nervae
490 1722 709 1776 tantisper,
733 1722 862 1761 donec
884 1721 1069 1769 luissent,
1093 1722 1351 1775 deponenda.
1378 1722 1572 1762 REISK.
1603 1722 1831 1762 V.A11eed.

319 1778 451 1819 Bekk.
476 1794 515 1832 p.
542 1792 639 1833 303,
667 1791 730 1831 23.
767 1779 1026 1818 SCHAEF.

380 1848 472 1889 791.
501 1849 564 1886 14.
598 1837 630 1875 εἰ
662 1835 691 1875 δ’
716 1835 771 1874 ἔτι
803 1835 887 1874 ἔστι
919 1836 980 1874 καὶ
1013 1835 1138 1883 ἔσται,
1168 1835 1320 1886 ἕωσπερ
1352 1835 1400 1874 ἂν
1432 1836 1575 1890 ἐκτίσῃ,
1609 1835 1671 1874 καὶ
1705 1834 1834 1888 μενεῖ]

322 1892 434 1946 Lego
463 1894 619 1942 κείμενα
646 1906 721 1945 pro
753 1893 814 1931 καὶ
840 1895 961 1941 μενεῖ,
985 1905 1040 1931 SC.
1063 1894 1195 1939 ταῦτα,
1219 1898 1261 1931 et
1289 1891 1429 1932 malim
1457 1892 1627 1946 ἐκτισθῇ.
1662 1890 1834 1931 DOBR.

322 1948 513 1988 Ferenda
553 1948 719 1988 videtur
760 1947 969 2001 scriptura-
1009 1947 1190 2001 vulgata,
1229 1962 1467 2001 quanquam
1509 1949 1733 2001 conjuncta
1773 1948 1835 1987 καὶ

319 2005 552 2045 ἕσται-καὶ
572 2010 684 2055 μενεῖ
703 2004 830 2045 etiam
853 2004 1069 2044 Reiskium
1090 2004 1364 2045 offenderunt.

377 2074 471 2113 791,
500 2074 561 2113 17.
590 2062 612 2112 ἡ
642 2063 840 2112 κρίσις-ὁ
869 2060 1007 2115 λόγος]
1033 2061 1153 2100 Istud
1182 2066 1245 2101 est
1269 2061 1474 2115 judicum,
1494 2060 1572 2101 hoc
1602 2064 1831 2100 oratorum.

319 2117 513 2157 REJSK.

379 2186 472 2226 791,
503 2186 564 2225 19.
596 2176 710 2224 μικρὰ
742 2175 802 2213 καὶ
834 2173 964 2226 οὐδὲν]
996 2173 1175 2213 Frustra
1200 2173 1382 2214 V'olfius
1410 2175 1526 2225 μικρὰ
1556 2173 1578 2223 ἢ
1609 2173 1736 2214 οὐδέν.
1780 2173 1833 2212 V.

318 2231 370 2270 ad
394 2245 431 2284 p.
459 2233 553 2278 260,
578 2232 642 2270 28.
663 2232 778 2281 μικρὰ
801 2230 862 2269 καὶ
884 2230 995 2269 οὐδὲν
1017 2231 1288 2270 ἀναλίσκουσι.

378 2298 472 2340 791,
500 2300 564 2327 21.
595 2288 753 2338 ἰσχύσει
781 2287 823 2326 τὸ
853 2287 1032 2338 ὀφείλειν
1063 2285 1140 2326 κατ’
1165 2287 1308 2340 αὐτῶν]
1346 2286 1554 2326 wolfius:
1587 2299 1678 2326 aere
1706 2285 1834 2326 alieno

317 2350 431 2383 m‘nnt
465 2342 649 2383 obstricti.
715 2343 857 2382 Minus
889 2348 1047 2383 exacte.
1083 2342 1125 2382 τὸ
1159 2345 1338 2395 ὀφείλειν
1372 2342 1514 2383 valebit
1546 2349 1682 2382 contra
1714 2341 1831 2382 illos:

317 2401 449 2439 omnia
482 2399 591 2439 mala
623 2406 916 2453 consequentur,
943 2413 1041 2453 quae
1071 2413 1128 2439 eos
1149 2414 1331 2452 premere
1359 2399 1490 2447 solent,
1517 2400 1586 2454 qui
1616 2399 1716 2451 reis).
1745 2405 1834 2438 sunt

317 2456 505 2496 obaerati.
570 2457 714 2495 Contra
741 2463 886 2502 autem,
909 2457 978 2509 qai
1002 2455 1169 2495 maltum
1191 2455 1295 2496 (lebet
1320 2463 1354 2496 et
1379 2470 1501 2495 anam
1526 2462 1641 2509 atque
1665 2454 1833 2495 alteram

315 2513 539 2566 pensionem
574 2512 744 2557 solverit,
782 2513 825 2552 τὸ
862 2514 1040 2563 ὀφείλειν
1075 2519 1209 2552 contra
1249 2512 1363 2552 illum
1397 2526 1473 2552 ‘non
1508 2511 1661 2559 valebit,
1698 2525 1834 2551 ‘cerum

321 2570 493 2619 ἐπίτιμος
515 2569 602 2608 erit.
644 2569 703 2608 Id
721 2582 817 2608 sane
840 2569 1017 2622 z'm'qaam
1039 2575 1103 2608 est.
1138 2569 1216 2608 TA
1227 2568 1397 2609 YLOR.

379 2638 474 2678 791,
500 2637 565 2677 24.
604 2626 646 2664 ἐν
677 2627 888 2676 ἀπογραφῇ
924 2625 1146 2678 πεποίηται]
1177 2625 1293 2665 Citat
1323 2625 1362 2664 h.
1393 2624 1415 2664 l.
1450 2623 1765 2677 Harpocration
1796 2638 1831 2664 v.

317 2680 563 2733 Ἀπογραφή.
597 2681 792 2722 REISK.
835 2682 888 2721 V.
912 2681 1071 2721 Anecd.
1095 2682 1227 2722 Bekk.
1250 2697 1290 2735 p.
1314 2682 1404 2735 198.
1439 2680 1688 2721 SCHAEF.

378 2750 471 2791 791,
497 2750 516 2776 2
523 2747 561 2791 5.
598 2739 1047 2786 βουλεύσεως--ἀὸίκως
1081 2738 1156 2790 γάρ
1190 2737 1227 2788 μ’
1260 2737 1526 2790 ἐγγέγραφεν]
1563 2736 1833 2776 Confundunt

320 2794 443 2848 hujus
484 2794 685 2834 orationis
726 2794 905 2848 scriptor
941 2794 1093 2847 quique
1133 2809 1227 2835 eum
1267 2794 1398 2834 secuti
1437 2798 1533 2833 sunt
1568 2792 1831 2846 grammatici

318 2851 475 2902 γραφὴν
503 2852 754 2900 βουλεύσεως
782 2856 824 2891 et
853 2851 1009 2902 γραφὴν
1037 2854 1357 2903 ψευδεγγραφῆς.
1390 2864 1496 2903 quae
1523 2849 1730 2902 quomodo
1757 2849 1832 2888 dif-

319 2907 456 2946 ferant
483 2906 676 2960 exposuit
699 2907 934 2947 Boeckhius
964 2907 1018 2946 ad
1051 2908 1172 2947 inser.
1195 2907 1328 2947 naval.
1357 2922 1397 2960 p.
1422 2906 1519 2960 538.
1584 2905 1692 2946 Nam
1719 2905 1831 2945 actio

320 2966 625 3014 ψευὸεγγραφῆς
662 2968 808 3003 contra
839 2977 910 3003 eos
944 2963 1041 3003 data
1075 2963 1152 3003 fuit
1189 2964 1257 3017 qui
1294 2963 1403 3003 inter
1439 2962 1649 3002 debitores
1680 2961 1829 3002 aerarii
