1997 3256
715 157 776 196 IN
811 158 1061 198 MIDIAM.
1561 163 1643 202 815

132 260 270 310 ἔβαλε,
311 262 371 300 καὶ
406 264 482 301 τῶν
520 263 711 302 εἰωθότων
745 264 820 302 ἀπὸ
857 267 924 303 τοῦ
959 265 1133 315 βήματος
1169 267 1470 317 χρηματίζεσθαι
1506 270 1646 319 δρόμος

130 316 179 365 ἧν
210 317 271 355 καὶ
302 317 449 366 ἅμιλλα
481 319 750 368 φθειρομένων
780 320 875 370 πρὸς
909 321 1038 360 αὐτόν.
1079 321 1194 360 Idem
1221 321 1262 360 in
1286 321 1498 363 Phocione
1520 338 1554 363 0.
1582 338 1644 364 21.

132 370 381 412 SEAGER.
404 373 528 412 Dim.
555 374 716 414 Classe'c.
738 386 806 428 55.
828 391 867 429 p.
890 387 957 429 54.

187 431 283 480 560,
312 441 373 481 13.
397 428 542 482 ἵνα-]
565 429 873 481 Ἐπεξηγητικῶς
898 432 999 471 haec
1029 431 1305 484 subjiciuntur
1331 433 1386 472 illi
1414 435 1532 486 οὗπερ
1557 436 1640 476 ἕνε-

131 500 190 531 κα,
214 484 323 536 quod
346 484 516 537 respicit
537 485 724 538 proxime
746 487 971 540 superiora,
994 488 1037 527 τὸ
1062 487 1143 527 καθ’
1167 489 1316 536 ἑαυτὸν,
1340 491 1443 532 ὅπως
1465 492 1641 539 δυνατὸν,

129 542 208 589 ζῆν.
240 539 469 579 BL'TTM.

186 598 283 648 560,
312 608 372 649 15.
395 600 471 636 τῶν
493 599 628 637 ἄλλων
649 599 736 645 τινὶ,
760 600 905 638 τούτων
926 598 1235 652 συλλεχθέντες]
1262 600 1388 651 vulg.
1411 605 1487 640 τῶν
1508 603 1645 642 ἄλλων

129 652 204 690 τινὶ
224 653 381 699 τούτων7
406 654 706 705 συλλεχθέντες.
759 654 1037 694 Distinetione
1059 655 1262 694 mutanda
1282 655 1414 694 locum
1437 658 1578 697 sanavi
1602 664 1645 698 et

129 706 385 748 illuminavi:
424 723 585 748 comma
621 709 776 749 scilicet
811 710 864 749 ad
898 724 1038 749 vocem
1069 711 1241 750 tertiam
1273 712 1476 751 revocavi.
1538 713 1643 753 (¹011-

130 764 307 803 structio
349 770 439 804 est:
482 766 672 816 γίγνησθε
714 767 906 815 κρείττους
947 766 1113 805 ἑκάστου
1153 768 1310 806 τούτων.
1351 767 1489 806 stoream
1527 768 1644 821 [con-

130 819 383 871 spirz‘ttsnaun
422 820 463 859 in
505 826 684 860 vestram
726 821 906 875 pestem]
950 836 1258 875 wmqucequce
1301 824 1490 876 superetis
1528 832 1644 878 atque

128 876 298 914 dometis.
333 875 525 916 REISK.

187 932 465 985 συλλεγέντες]
490 932 573 971 Alii
595 932 686 972 libri
709 932 1011 984 συλλεχθέντες.
1035 933 1300 984 συλλεγέντες
1320 936 1506 987 praefert
1529 936 1643 976 Pier-

128 1000 253 1026 sonus
283 988 337 1026 ad
371 989 507 1027 Moer.
539 1003 578 1041 p.
614 989 720 1036 208„
752 989 1008 1029 assentiente
1035 989 1317 1030 Valckenario
1348 991 1401 1030 ad
1434 991 1641 1033 Herodot.

130 1054 166 1090 7,
200 1056 300 1094 ¹73·a
330 1043 398 1096 qui
432 1045 536 1083 bene
572 1044 694 1084 docet
727 1044 896 1085 Atticos
929 1045 1223 1085 Demosthenis
1256 1051 1398 1086 aetate
1431 1048 1643 1089 suaviores

128 1098 218 1138 illas
239 1099 393 1139 formas
414 1100 477 1139 his
499 1101 781 1153 asperioribus
801 1101 1110 1141 antehabuisse.
1144 1102 1295 1142 SGHA
1306 1103 1395 1143 EF.

184 1156 280 1208 560,
302 1168 366 1195 20.
389 1156 605 1210 ὀνομάζων]
629 1157 808 1197 Addidit
830 1163 1031 1211 tanquam
1055 1158 1089 1196 si
1112 1173 1147 1197 v.
1168 1169 1230 1211 17.
1249 1159 1505 1212 scripsisset:
1540 1160 1642 1212 τάχα

126 1213 334 1251 -τοιοῦτό
354 1229 389 1251 τι
411 1214 499 1263 ἐρεῖ.
539 1213 787 1253 SCHAEF.

184 1269 281 1320 561,
305 1281 342 1320 3.
365 1268 543 1322 λέγεται]
576 1271 680 1309 111οΧ
702 1285 738 1309 v.
763 1283 822 1308 10.
849 1270 984 1308 τούτου
1008 1269 1202 1320 μέμνημαι
1223 1274 1289 1309 τοῦ
1311 1272 1446 1322 λόγου.
1499 1271 1642 1325 Ipsum

126 1322 285 1375 λέγεται
306 1324 483 1364 recurrit
505 1340 538 1363 v.
567 1337 625 1379 15.
677 1325 865 1365 Solemnis
887 1325 1009 1378 hujus
1028 1327 1140 1365 verbi
1164 1341 1261 1365 usus
1283 1327 1333 1366 de
1359 1328 1482 1367 rebus
1504 1328 1641 1377 factis,

128 1394 305 1432 quarum
332 1381 533 1421 memoria
563 1382 654 1421 viva
683 1396 779 1421 voce
808 1386 1090 1435 propagatur:
1125 1382 1248 1422 aliam
1277 1383 1398 1431 enim,
1426 1384 1465 1422 h.
1489 1400 1522 1423 e.
1549 1399 1643 1424 nos-

127 1440 239 1475 tram
269 1436 396 1475 libros
431 1436 670 1491 legentium.
703 1437 908 1477 rationem
941 1439 1237 1491 propagandae
1273 1454 1411 1478 rerum
1442 1441 1643 1493 praeteri-

127 1495 267 1531 tarum
300 1493 525 1532 memoriae
559 1499 719 1534 veteres
755 1494 813 1532 illi
849 1494 933 1533 fere
970 1493 1234 1547 ignorabant.
1298 1495 1366 1534 Sic
1401 1496 1641 1549 Xenophon

128 1547 278 1601 Cyrop.
307 1561 338 1595 ῐ,
367 1561 401 1596 2,
433 1563 463 1588 1.
497 1550 651 1600 Πατρὸς
676 1552 749 1600 μὲν
771 1551 815 1599 δὴ
836 1549 996 1601 λέγεται
1019 1552 1038 1589 ὁ
1064 1554 1186 1601 Κῦρος
1207 1551 1393 1602 γενέσθαι
1416 1555 1642 1602 Κυμβύσου.

129 1603 260 1643 Mox:
296 1608 416 1656 φῦναι
444 1607 483 1645 δὲ
508 1607 527 1645 ὁ
552 1610 675 1655 Κῦρος
695 1606 856 1657 λέγεται
882 1607 941 1645 καὶ
965 1605 1098 1658 ᾄδεται
1121 1624 1153 1646 κ.
1171 1624 1204 1646 τ.
1222 1613 1259 1646 λ.
1322 1607 1494 1648 Monuit
1516 1609 1643 1649 etiam

128 1659 425 1700 Buttmannus.
488 1661 648 1701 Eodem
683 1662 945 1702 referendum
982 1663 1031 1704 ὡς
1067 1663 1175 1703 ἔστιν
1212 1664 1367 1703 ἀκούειν
1402 1679 1440 1717 p.
1474 1667 1569 1717 609,
1601 1680 1641 1720 5.

128 1715 378 1756 SCHAEF.

182 1774 281 1825 561,
306 1775 343 1812 6.
366 1773 506 1826 ποίων]
538 1773 587 1813 F.
610 1775 757 1814 πόσων.
819 1774 1086 1814 Antecedens
1114 1776 1230 1815 τίνων
1258 1775 1414 1816 indicat
1440 1777 1510 1826 τὴν
1536 1779 1643 1818 ποιό-

126 1844 233 1878 τητα.
266 1828 517 1869 SCHAEF.

183 1885 279 1938 561,
308 1886 369 1924 16.
392 1885 484 1935 πρὸς
511 1885 656 1935 πατρὸς
679 1887 751 1935 μὲν
772 1884 1224 1937 Ἀλκμεωνιὸὣν--πρὸς
1249 1887 1388 1938 μητρὸς
1411 1890 1451 1928 δὲ
1472 1888 1644 1929 Ἱππονί-

127 1940 210 1993 κου]
234 1940 338 1980 Cum
362 1940 560 1993 loquatur
585 1942 662 1981 1100
690 1942 778 1980 1000
800 1941 1109 1981 Demosthenes
1131 1943 1182 1981 de
1204 1943 1421 1984 Alcibiade
1451 1944 1518 1984 illo
1540 1945 1644 1985 cele-

126 1996 307 2035 berrimo
329 1997 444 2045 duce,
467 2012 549 2036 non
576 1998 785 2037 consentit
811 2012 904 2037 cum
927 1997 1170 2045 Plutarcho,
1194 2013 1268 2038 uec
1295 2013 1387 2038 cum
1410 2000 1642 2049 Andocide,

127 2052 197 2104 qui
234 2052 276 2091 in
311 2052 390 2092 hoc
432 2053 600 2107 negotio
636 2053 717 2093 fide
755 2053 931 2108 dignior,
968 2059 1116 2107 utpote
1158 2054 1226 2108 qui
1269 2060 1644 2109 contemporaneus

125 2108 252 2148 suerit
280 2108 513 2149 Alcibiadis
541 2114 583 2149 et
611 2115 759 2149 contra
788 2124 881 2149 eum
909 2109 1142 2149 orationem
1170 2112 1462 2164 composuerit,
1490 2113 1530 2151 in
1560 2128 1643 2166 qua

127 2164 215 2217 ejus
239 2179 369 2218 genus
391 2165 551 2204 curiose
573 2170 774 2205 recenset.
835 2165 916 2205 Sed
944 2167 1080 2214 credo,
1104 2167 1289 2206 oratoria
1313 2168 1471 2207 astutia
1493 2169 1644 2209 Demo-

126 2219 317 2260 sthenem
343 2221 393 2260 de
421 2221 490 2261 illo
512 2221 733 2261 Alcibiade
761 2221 927 2269 dixisse,
951 2236 1056 2275 quae
1078 2221 1287 2262 Alcibiadi
1312 2223 1465 2275 juniori
1495 2225 1644 2277 prioris

126 2275 234 2316 illius
269 2276 353 2316 filio
389 2277 704 2317 conveniebant.
767 2277 875 2318 Nam
910 2277 1149 2318 Alcibiades
1186 2279 1270 2317 dux
1308 2279 1373 2318 ille
1409 2280 1643 2321 celebratus

126 2332 306 2372 duxerat
343 2333 617 2386 Hippareten,
655 2334 784 2373 filiam
820 2334 1045 2387 Hipponici
1083 2339 1126 2373 et
1162 2348 1346 2373 sororem
1385 2335 1555 2384 Calliae,
1592 2352 1644 2377 ex

127 2402 209 2440 qua
233 2395 437 2439 genuerat
459 2389 721 2429 Alcibiadem
739 2390 958 2442 juniorem,
983 2404 1104 2442 quem
1131 2390 1343 2430 accusavit
1365 2390 1512 2444 Lysias
1534 2398 1644 2432 λιπο-

126 2440 270 2492 ταξίοῦ.
334 2444 449 2498 Ergo
486 2449 578 2484 erat
610 2444 675 2484 ille
702 2445 843 2498 junior
872 2446 969 2495 πρὸς
1002 2445 1144 2495 μητρὸς
1174 2445 1408 2493 Ἱππονίκου,
1442 2448 1552 2499 quod
1583 2448 1644 2488 ait

127 2499 206 2538 hoc
228 2499 318 2539 loco
342 2500 647 2540 Demosthenes
672 2501 723 2540 de
744 2501 963 2540 Alcibiade
990 2505 1123 2553 patre,
1147 2500 1209 2540 cui
1236 2506 1372 2541 mater
1400 2508 1493 2542 erat
1515 2503 1644 2543 Dino-

126 2555 400 2602 machesfilia.
436 2556 640 2609 Megaclis
672 2557 1008 2596 Alcmaeonidae.
1071 2556 1305 2596 Transtulit
1335 2571 1435 2611 ergo
1467 2564 1645 2599 stemma

126 2610 199 2650 filii
231 2611 286 2650 ad
318 2616 496 2665 patrem,
531 2627 626 2659 non,
660 2613 796 2660 credo,
831 2612 1092 2666 ignoratione
1125 2612 1222 2659 veri,
1257 2613 1329 2652 sed
1363 2627 1411 2652 eo
1445 2615 1557 2666 quod
1588 2616 1643 2655 ad

126 2667 390 2719 propositum
427 2682 545 2706 suum
581 2667 773 2707 faciebat.
837 2668 1030 2707 Fallebat
1065 2667 1193 2721 igitur
1228 2668 1546 2718 Demosthenes,
1581 2671 1644 2710 vel

127 2723 255 2762 falsus
291 2729 394 2763 erat.
457 2723 523 2762 En
558 2723 633 2763 tibi
669 2723 898 2763 Alcibiadis
933 2728 1110 2763 stemma
1143 2738 1195 2763 ex
1229 2724 1464 2774 Herodoto,
1503 2726 1642 2780 Lysia,

130 2778 320 2828 Platone,
345 2779 574 2820 Plutarcho
595 2784 639 2819 et
663 2779 873 2820 Pausania
895 2779 1150 2832 descriptum
1170 2796 1238 2818 :——-
