1997 3256
509 170 834 213 ADVERSUS
866 170 1328 214 ANDROTIONEM.
1593 171 1678 214 859

164 276 238 327 μὲν
268 277 396 327 ἄλλην
425 277 617 332 ὁμολογίᾳ
648 278 946 331 παρεστήσαντο
982 292 1058 332 pro
1088 276 1258 332 vulgato
1295 273 1600 327 κατεστήσαντο)
1635 278 1679 316 et-

166 331 326 373 Herod.
350 346 393 387 3,
410 346 474 388 13.
537 334 665 374 Adde
685 348 724 389 3,
746 346 836 389 155.
881 334 1061 375 FUNK.

220 390 320 443 598,
340 403 375 429 1.
401 391 464 430 καὶ
484 390 524 430 τί
542 393 602 431 δεῖ
620 393 668 431 τὰ
688 394 838 431 παλαιὰ
858 391 993 443 λέγειν
1007 393 1034 442 3]
1066 390 1121 430 V.
1139 386 1464 444 Wyttenbaehii
1480 387 1678 429 Julianea

163 459 203 499 p.
225 458 317 495 141.
342 445 442 486 edit..
470 446 583 500 Lips.
629 447 879 488 SOHAEF.

221 501 291 541 τὸν
311 506 539 542 τελευταῖον
560 505 635 555 γὰρ
656 505 757 555 ἴστε]
792 503 863 543 Ad
884 503 986 543 haec
1008 502 1134 543 schol.
1159 501 1250 542 cod.
1275 501 1387 554 Aug.
1411 499 1536 540 dicit:
1571 500 1591 539 ὁ
1613 516 1679 551 γε-

165 557 328 607 νόμενος
351 559 439 608 περὶ
462 558 679 610 Κέρκυραν.
743 560 924 613 Corcyra
945 559 1107 613 potitus
1128 562 1193 597 est
1215 556 1472 605 Timotheus,
1496 555 1678 596 Cononis

163 612 284 663 filius,
313 618 356 654 et
388 614 741 655 Lacedaemonios
776 629 917 670 pugna
952 614 1088 655 navali
1121 613 1176 653 ad
1204 612 1396 666 Alyziam
1417 626 1454 651 v.
1480 612 1680 652 Leucada

163 668 264 709 vicit
286 669 349 710 Ol.
372 683 463 720 101,
489 683 510 711 2
536 674 581 724 (a
601 671 676 712 Oh.
700 673 819 725 375),
842 686 878 711 v.
905 671 1018 710 Xen.
1043 669 1156 709 Hell.
1180 678 1219 722 5,
1241 682 1281 718 4,
1304 671 1371 718 64.
1418 666 1598 708 Clinton.
1623 668 1679 708 ad

165 725 329 779 Olymp.
351 740 443 775 101,
468 739 505 766 2.
530 727 603 766 sed
624 727 905 768 Athenienses
929 730 1186 766 crescentem
1208 724 1504 763 Thebanorum
1534 727 1681 777 poten-

163 781 269 822 tiam
303 786 538 823 metuentes
574 787 617 823 et
651 783 834 823 onmium
874 796 1014 822 rerum
1052 780 1194 834 inopia
1229 779 1362 819 coacti
1402 793 1549 832 pacem
1585 793 1680 819 cum

165 838 508 878 Lacedaemoniis
529 838 689 879 faciunt
712 838 842 892 (Hell.
869 840 907 878 6.
932 852 967 878 c.
994 849 1016 878 2
1040 836 1170 887 inin).
1235 835 1480 875 Timotheus
1504 834 1634 889 igitur
1654 850 1680 875 a

164 893 347 948 Corcyra
381 895 524 943 redux,
556 908 650 934 cum
680 893 1011 948 Zacynthiorum
1046 892 1207 933 exsules
1240 891 1496 940 restitueret,
1529 905 1679 932 novam

163 949 259 989 belli
284 950 479 1003 praebuit
500 964 659 998 ansam⁷
683 951 794 1004 quod
814 950 968 990 bellum
989 949 1032 989 in
1054 963 1113 989 or.
1138 948 1231 988 adv.
1258 947 1407 987 Neaer.
1431 962 1471 1000 p.
1494 960 1508 986 1
1516 961 1538 1000 3
1545 957 1613 1001 57,
1635 961 1676 1001 5.

163 1007 184 1044 ὁ
206 1007 367 1056 ὕστερος
387 1008 558 1056 πόλεμος
579 1006 744 1047 dicitur.
801 1004 1127 1046 Lacedaemonii
1150 1004 1376 1057 Corcyram
1397 1004 1676 1044 obsederunt:

163 1061 236 1101 sed
265 1061 499 1115 Iphicrates
526 1077 595 1102 eos
618 1062 681 1103 Ol.
706 1076 798 1111 101,
820 1076 848 1113 4
869 1061 968 1102 vicit
990 1062 1298 1114 Corcyramque
1328 1059 1522 1100 liberavit
1545 1059 1676 1112 (Hell.

164 1119 205 1165 6,
228 1129 265 1166 2,
288 1119 460 1171 2—38).
524 1118 687 1159 Deinde
716 1133 801 1172 pax
831 1122 975 1158 secuta
1005 1122 1070 1158 est
1092 1117 1156 1158 Ol.
1178 1129 1269 1165 102,
1291 1130 1324 1155 1.
1374 1115 1428 1155 V.
1455 1115 1566 1155 Hell.
1591 1118 1629 1165 6,
1652 1129 1676 1170 3

163 1173 253 1213 coll.
279 1173 460 1214 Clinton.
485 1189 525 1229 p.
548 1188 639 1215 110.
703 1176 872 1226 Quanta
892 1189 988 1214 vero
1019 1173 1160 1227 inopia
1181 1172 1462 1212 Athenienses
1493 1186 1541 1212 eo
1572 1172 1680 1213 bello

163 1229 296 1283 pressi
331 1229 428 1279 sint,
463 1236 642 1285 apparet
672 1245 695 1270 e
717 1231 830 1271 Xen.
854 1231 880 1270 l.
903 1231 929 1270 1.
955 1231 996 1279 6,
1020 1243 1041 1270 2
1065 1229 1156 1269 init.
1191 1233 1234 1268 et
1269 1243 1321 1268 ex
1352 1242 1413 1277 eo,
1441 1228 1555 1281 quod
1585 1243 1680 1269 cum

166 1285 412 1326 Timotheus
441 1287 495 1327 ad
527 1287 753 1341 Corcyram
787 1286 1001 1327 obsidione
1030 1285 1291 1325 liberandam
1321 1284 1496 1324 classem
1531 1299 1680 1338 parare

164 1342 298 1391 vellet,
320 1343 429 1382 unde
451 1343 492 1382 in
515 1343 666 1384 Attica
696 1343 738 1383 id
761 1344 930 1391 faceret,
952 1356 1036 1382 non
1066 1340 1226 1389 habuit,
1250 1355 1376 1394 quam
1407 1341 1460 1380 ob
1489 1355 1680 1381 caussam

165 1398 448 1439 Athenienses
481 1399 518 1439 ei
555 1404 846 1439 succensentes
881 1398 1137 1452 Iphicraten]
1168 1397 1315 1436 ducem
1349 1397 1576 1451 elegerunt,
1610 1397 1680 1451 qui

164 1455 439 1508 undecunque
485 1461 640 1509 posset,
683 1470 808 1496 naves
854 1454 1033 1508 collegit.
1087 1453 1142 1494 V.
1175 1453 1276 1493 ibid.
1312 1453 1350 1504 ξ.
1378 1465 1442 1502 14.
1492 1453 1678 1493 FUNK.

167 1510 277 1550 Mihi
293 1525 390 1551 vero
412 1516 558 1552 orator
577 1516 716 1552 totum
736 1511 889 1552 bellum
910 1516 953 1551 et
974 1516 1139 1564 tempus
1159 1522 1343 1563 pugnam
1360 1508 1541 1549 Naxiam
1561 1524 1681 1563 prae-

164 1581 353 1621 gressum
379 1567 545 1608 videtur
575 1583 657 1608 non
688 1568 824 1607 minus
852 1567 894 1607 in
924 1571 1065 1606 mente
1096 1565 1292 1606 habuisse
1317 1579 1443 1618 quam
1471 1564 1681 1606 Timothei

165 1623 485 1677 expeditionem.
521 1624 868 1664 REHDANTZ.
890 1622 981 1663 Vit.
1008 1622 1163 1676 Iphicr.
1188 1636 1228 1675 p.
1253 1622 1320 1674 65.

222 1681 319 1734 598,
341 1694 381 1731 4.
413 1682 500 1721 ἴστε
535 1682 701 1732 ὀρόβους
736 1682 852 1722 ὄντας
887 1680 1037 1730 ὠνίους]
1088 1678 1252 1719 Ciceres
1286 1677 1451 1718 venales
1485 1676 1682 1718 videntur

166 1736 399 1789 symbolum
430 1736 557 1777 fuisse
593 1751 779 1777 summae
814 1735 1009 1777 caritatis
1044 1748 1305 1775 annonarum
1337 1738 1380 1774 et
1412 1733 1595 1774 civitatis
1625 1735 1682 1775 ad

167 1796 400 1833 extremam
429 1793 639 1834 miseriam
670 1793 881 1834 redactae.
946 1791 1055 1831 Nam
1085 1790 1127 1830 in
1157 1789 1418 1831 abundantia
1448 1794 1492 1830 et
1519 1790 1683 1831 vilitate

166 1848 345 1889 aliarum
374 1849 605 1903 specierum
636 1848 963 1890 annonariarum
993 1861 1115 1887 nemo
1141 1845 1357 1886 honestior
1380 1845 1503 1886 facile
1527 1846 1683 1887 ciceres

166 1905 368 1958 requirat.
413 1905 609 1945 REISK.

223 1961 319 2015 598,
342 1971 382 2015 5.
407 1962 557 2013 ὠνίους]
595 1961 851 2015 Simpliciter
876 1960 1046 2009 venales,
1074 1973 1158 1999 non
1187 1972 1330 2012 maqno
1353 1957 1488 2013 pretio
1513 1959 1683 2009 venales,

166 2021 216 2057 ut
236 2017 419 2071 explicat
440 2017 635 2057 Reiskius
656 2017 698 2057 in
722 2017 813 2056 Ind.
839 2016 1070 2057 Graecitat.
1115 2015 1366 2056 SCHAEF.

225 2076 321 2127 598,
352 2075 388 2113 8.
423 2074 515 2125 ὅρον
545 2074 758 2124 τεθείκατε]
803 2073 966 2113 Anecd.
995 2072 1128 2112 Bekk.
1161 2086 1201 2125 p.
1237 2072 1331 2125 285,
1358 2084 1425 2113 12:
1464 2071 1566 2122 ὅρος·
1599 2071 1684 2112 ἔστι

168 2131 241 2180 μὲν
263 2131 324 2169 καὶ
345 2132 393 2170 τὰ
413 2131 500 2181 ὅρια
525 2130 587 2170 καὶ
607 2133 672 2180 τῆς
697 2131 827 2182 χώρας
847 2131 895 2169 τὰ
915 2128 1023 2179 τέλη,
1044 2130 1191 2168 τίθεται
1212 2128 1254 2167 δὲ
1283 2128 1344 2167 καὶ
1371 2127 1456 2167 ἀντὶ
1476 2129 1545 2166 τοῦ
1572 2130 1685 2169 κανό-

170 2203 248 2228 νος.
312 2185 605 2227 Usitatissima
634 2185 897 2239 metaphora.
940 2185 1062 2225 Dem.
1090 2200 1131 2239 p.
1161 2196 1258 2238 324,
1283 2194 1349 2236 27.
1379 2183 1450 2233 τὴν
1476 2181 1506 2222 δ’
1530 2184 1684 2225 ἐλευθε-

168 2243 258 2293 ρίαν
279 2243 341 2282 καὶ
369 2242 413 2282 τὸ
439 2242 587 2293 μηδένα
615 2242 723 2295 ἔχειν
745 2243 939 2292 δεσπότην
960 2242 1098 2287 αὐτῶν,
1123 2241 1147 2280 ἃ
1167 2244 1247 2282 τοῖς
1273 2237 1685 2292 προτέρως”Ελλησιν

170 2299 254 2349 ὅροι
274 2302 351 2338 τῶν
372 2299 531 2351 ἀγαθῶν
550 2299 653 2349 ἦσαν
674 2299 736 2338 καὶ
761 2299 936 2343 κανόνες,
963 2297 1287 2347 ἆνατετραφότες.
1339 2310 1379 2349 p.
1404 2296 1500 2349 548,
1524 2307 1589 2347 24.
1614 2296 1685 2336 ἕνα

170 2356 263 2405 ὅρον
290 2354 451 2405 θέμενος
475 2355 592 2394 παντὶ
617 2356 745 2408 τρόπῳ
771 2371 819 2404 με
847 2355 1019 2393 ἀνελεῖν.
1083 2352 1214 2392 Plane
1236 2351 1447 2391 diversum
1471 2355 1550 2399 est,
1572 2352 1684 2404 quod

170 2411 281 2464 apud
306 2414 497 2451 oratores
520 2410 913 2463 frequentissimum,
936 2409 1047 2460 ὅρους
1066 2408 1215 2448 τιθέναι
1234 2406 1298 2447 vel
1320 2407 1487 2453 ἱστάναι,
1509 2407 1685 2447 aedibus

170 2467 234 2507 vel
254 2467 394 2507 fundis
415 2466 701 2521 oppigneratis
721 2465 838 2519 palos
859 2464 1041 2518 affigere.
1085 2463 1269 2504 FUNK.

227 2525 323 2578 598,
344 2536 407 2573 14.
433 2525 487 2564 εἰς
507 2521 607 2562 τοῦτ’
626 2522 795 2571 ἐλήλυθε
819 2524 887 2561 τοῦ
913 2522 1096 2571 νομίζειν]
1133 2518 1516 2573 Frequentissimus
1547 2522 1612 2558 est
1641 2518 1685 2558 in

170 2579 250 2620 hac
273 2579 450 2619 formula
470 2578 829 2618 substantivorum
855 2576 1078 2631 genitivus,
1097 2575 1233 2616 rarior
1252 2574 1446 2615 infinitivi
1468 2588 1563 2614 cum
1583 2575 1685 2615 arti-

170 2636 285 2676 culo:
320 2636 371 2675 de
393 2649 476 2689 quo
495 2634 659 2674 monuit
678 2633 873 2673 XVolfius.
937 2632 1048 2672 Plat.
1074 2632 1246 2671 Menon.
1270 2646 1310 2684 p.
1331 2631 1386 2681 84
1408 2630 1574 2684 Steph.:
1596 2630 1686 2671 Ἐν-

172 2697 274 2734 νοεῖς
301 2692 362 2738 αὖ,
385 2693 413 2731 ὦ
437 2691 595 2737 Μένων,
619 2691 663 2730 οὗ
692 2691 799 2730 ἐστιν
820 2689 889 2739 ἤδη
916 2690 1086 2739 βαδίζων
1107 2689 1173 2728 ὅδε
1200 2690 1266 2726 τοῦ
1294 2686 1683 2737 ἆναμιμνήσκεσθαι;

229 2805 329 2858 598,
352 2817 418 2857 23.
442 2804 578 2853 ταμίας
605 2803 775 2854 ἀποδρὰς
795 2800 935 2855 ᾤχετο]
972 2800 1022 2840 Id
1048 2803 1113 2840 est
1133 2799 1271 2849 ταμίας
1301 2799 1420 2840 αἴτιος
1438 2797 1499 2848 ἦν,
1523 2796 1565 2840 ὃς
1592 2798 1687 2838 ἀπο-

173 2863 266 2912 δρὰς
286 2859 424 2914 ᾤχετο.
465 2859 516 2899 (10
537 2873 619 2913 qua
639 2856 970 2911 breviloquentia
990 2855 1098 2896 dixit
1119 2854 1338 2895 Heindorf.
1354 2854 1409 2895 ad
1425 2853 1537 2894 Plat.
1557 2854 1684 2908 Gorg.

176 2918 215 2969 ξ.
237 2917 327 2969 163,
360 2915 582 2969 Protagor.
609 2917 646 2969 §-
673 2925 738 2967 77.
774 2914 894 2953 Dem.
916 2927 956 2966 p.
981 2913 1077 2966 584.
1100 2912 1145 2952 οὐ
1165 2913 1241 2963 γὰρ
1263 2912 1306 2950 ἐκ
1331 2912 1529 2959 πολιτικῆς
1549 2910 1683 2956 αἰτίας,

174 2972 252 3013 οὐδ’
271 2974 403 3024 ὥσπερ
418 2971 709 3023 Ἀριστοφῶν
734 2969 930 3012 ἀποδοὺς
957 2970 1045 3011 τοὺς
1066 2967 1287 3020 στεφάνους
1308 2967 1428 3007 ἔλυσε
1448 2965 1518 3016 τὴν
1538 2970 1686 3017 προβο-
