1997 3256
555 150 876 193 ADVERSUS
910 153 1243 194 LEPTINEM.
1573 154 1656 197 639

143 252 328 306 quisquis
357 252 452 301 fuit,
484 255 595 307 quod
626 261 712 295 tam
746 271 880 309 pauca
911 258 1119 311 excerpsit¹
1153 273 1174 298 0
1209 257 1517 298 commentariis
1549 257 1657 298 anti—

143 323 331 361 quorum,
357 324 532 362 quorum
563 316 703 351 tamen
734 312 895 365 copiam
927 314 1081 353 habere
1107 315 1299 360 debebat,
1328 328 1484 367 suaque
1515 313 1657 367 inepta

142 365 446 405 conscribillare
475 366 634 413 maluit,
666 382 789 420 quam
819 369 927 408 bona
953 369 1087 409 aliena
1113 370 1226 409 dare.
1290 370 1448 409 Verum
1473 369 1657 423 cogitan-

142 419 252 467 dum,
287 422 398 473 quod
434 426 477 461 et
509 422 599 475 ipsa
632 424 799 475 subjicit
833 438 909 470 res.
946 430 988 464 et
1020 433 1113 478 post
1149 425 1442 465 Oasaubonum
1472 425 1657 478 aliosque

142 475 246 515 bene
270 476 464 516 Valesius
491 479 727 519 observavit
754 480 807 519 ad
839 480 1230 533 llarpocrationem.
1252 481 1384 520 multa
1410 481 1449 519 in
1473 481 1536 519 1118
1558 496 1656 534 quo-

142 545 221 584 que
252 533 416 571 scholiis
443 548 469 572 a
500 534 722 573 sorioribus
753 540 896 575 assuta
927 550 1026 582 0880,
1060 535 1269 588 viderique
1295 550 1356 584 ea,
1379 536 1517 589 qualia
1547 550 1656 576 1111110

140 587 350 640 leguntur,
372 589 474 627 nihil
498 589 609 629 aliud
632 605 756 643 quam
781 591 1029 630 scholiorum
1051 605 1073 630 e
1094 606 1190 630 vero
1215 591 1397 644 Ulpiano
1419 591 1654 637 ductorum,

139 643 331 683 admistis
372 650 414 684 et
451 645 625 684 aliorum
657 647 840 699 antiquis
876 652 917 685 et
957 647 1079 699 plane
1120 646 1236 685 novis
1272 648 1407 693 rebus,
1442 647 1594 686 factam
1632 662 1658 686 a

142 699 426 739 Grammatico
463 701 591 740 infimi
627 702 778 741 saeculi
815 708 855 741 ot
893 702 1048 741 ordinis
1079 702 1328 755 congeriem.
1389 702 1567 741 Accedit
1601 703 1657 742 ad

140 754 246 794 113110
286 758 509 804 fortunam,
553 758 662 809 quod
707 757 913 810 Ulpianea
953 758 1055 797 haec
1095 772 1169 810 per
1208 757 1411 797 incuriam
1447 757 1657 797 editorum

140 810 276 849 adhuc
313 818 411 851 sunt
445 812 780 865 inquinatissima
814 812 936 859 vitiis,
969 813 1179 852 interdum
1215 813 1342 853 etiam
1374 813 1474 866 ipsis
1507 814 1653 861 verbis,

141 880 246 919 quae
272 867 546 920 explicantur,
575 868 826 908 obscuriora.
892 869 1039 921 Itaque
1066 883 1188 921 saepe
1214 884 1342 922 prope
1367 869 1457 915 suit„
1487 875 1533 909 ut
1562 884 1656 922 poe-

140 922 295 962 niteret
325 923 479 962 laboris
510 924 654 971 omnis,
683 924 723 962 111
756 938 878 976 quem
910 924 1035 964 semel
1066 924 1276 978 ingressus
1306 939 1432 971 eram.
1463 930 1510 965 ut
1539 926 1655 965 80110-

139 977 306 1018 liastam
327 993 409 1018 una
431 994 524 1018 cum
545 984 667 1019 textu
688 994 781 1019 mea
802 994 927 1019 manu
950 980 1238 1027 describerem.
1260 981 1507 1034 praesertim
1529 996 1655 1035 quum

139 1033 180 1072 iu
203 1034 454 1074 editionibus
476 1036 638 1075 duabus
663 1035 918 1089 principibus
944 1036 1142 1089 pleraque
1164 1037 1309 1076 eodem
1330 1037 1453 1075 modo
1475 1036 1655 1076 viderem

139 1089 368 1142 inquinata,
392 1106 473 1144 quo
495 1098 633 1132 essent
655 1092 695 1130 in
722 1091 957 1131 W'olfiaiiis.
1021 1092 1069 1131 In
1097 1093 1220 1145 hujus
1242 1100 1382 1132 tamen
1405 1092 1479 1132 viri
1503 1093 1655 1135 notulis

139 1145 264 1185 habui
297 1146 496 1200 inprimis„
527 1148 636 1200 quod
666 1148 883 1201 adjuvaret
914 1148 1127 1202 ingratum
1158 1149 1355 1188 laborem.
1418 1150 1533 1199 Quae
1558 1164 1654 1188 vero

139 1216 258 1241 8011811
283 1203 403 1255 1113110
425 1218 555 1244 cassa.
574 1204 627 1243 ad
644 1204 754 1243 locos
774 1204 952 1244 oratoris
971 1204 1251 1257 planissimos,
1269 1219 1431 1243 omnem
1450 1205 1654 1244 medelam

138 1264 395 1311 respuerent,
419 1259 529 1299 nulla
550 1260 648 1299 mihi
676 1260 820 1313 religio
845 1260 923 1300 fuit
952 1259 1053 1299 talia
1084 1274 1252 1313 prorsus
1281 1260 1472 1313 abjicere.
1534 1261 1654 1311 Quod

138 1313 251 1353 haud
273 1315 436 1368 saepius
465 1320 606 1355 tamen
634 1316 799 1355 memini
824 1318 994 1363 factum,
1018 1331 1142 1368 quam
1168 1316 1303 1355 tribus
1330 1322 1511 1368 quatuor
1538 1316 1650 1356 locis.

140 1369 208 1409 Sic
229 1370 466 1424 cogitabam
489 1385 660 1419 1110011111,
684 1377 826 1411 tamne
846 1372 1026 1424 lepidam
1052 1372 1243 1411 chartam
1268 1372 1420 1411 talibus
1443 1372 1653 1424 spurcitiis

138 1426 360 1466 maculari!
401 1427 606 1467 Universe
636 1433 777 1467 autem
810 1427 1066 1466 horridulum
1097 1427 1357 1480 magistrum„
1388 1427 1428 1466 111
1455 1428 1535 1467 hac
1565 1428 1653 1480 qui-

138 1482 231 1521 dem
262 1483 480 1535 particula,
514 1483 573 1523 ita
604 1483 792 1536 peximus
826 1483 1142 1536 comsimusque,
1175 1488 1220 1522 111
1252 1483 1468 1522 cultiorem
1497 1483 1652 1523 iactum

137 1537 256 1577 facile
284 1539 338 1578 sit
362 1539 513 1587 videre,
538 1539 571 1578 si
601 1539 693 1592 quis
721 1539 879 1592 priores
906 1539 1109 1578 editiones
1139 1553 1230 1578 cum
1265 1539 1343 1578 hac
1372 1544 1516 1578 nostra
1544 1553 1652 1578 com-

138 1608 288 1647 parare
328 1595 518 1635 voluerit.
581 1595 663 1635 Sed
704 1596 754 1635 de
794 1595 858 1634 his
899 1595 1013 1635 83118.
1078 1595 1125 1634 F.
1155 1595 1208 1634 A.
1246 1594 1436 1634 WOLF.
1513 1595 1652 1648 Argu-

137 1656 324 1690 mentum
346 1651 536 1700 alterum7
561 1652 671 1704 quod
694 1652 747 1691 ab
770 1651 979 1690 codicibus
1002 1656 1044 1691 et
1066 1650 1247 1690 Bekkeri
1269 1656 1311 1690 et
1337 1650 1491 1690 nostris
1517 1652 1651 1697 abest,

138 1706 353 1760 scriptoris
394 1712 458 1747 est
498 1708 630 1747 multo
670 1722 794 1761 quam
838 1707 1037 1747 Libanius
1077 1706 1333 1755 recentioris,
1368 1707 1565 1760 ejusdem,
1608 1707 1649 1746 111

136 1762 267 1811 fallor,
283 1763 346 1802 cui
363 1763 592 1817 longiorem
613 1763 815 1804 orationis
832 1764 883 1802 de
898 1763 1000 1802 falsa
1024 1762 1231 1816 legatione
1248 1764 1436 1803 ὑπόθεσιν
1452 1763 1650 1803 debemus

140 1820 194 1871 (p.
218 1832 303 1873 334
323 1821 416 1872 8(1.),
440 1833 546 1872 quae
568 1819 657 1873 ipsa
679 1834 843 1872 quoque
864 1820 916 1859 ab
939 1819 1150 1859 codicibus
1171 1819 1304 1858 abest.

193 1887 289 1927 452,
317 1878 380 1914 16.
409 1876 572 1926 γράφωυ
603 1892 659 1917 τις
695 1875 830 1928 νόμον]
865 1875 979 1915 Editi
1015 1875 1173 1914 habent
1210 1874 1362 1928 partim
1399 1875 1566 1926 γράφειν
1596 1892 1652 1916 τις

137 1931 268 1980 νόμον,
306 1931 461 1984 partim
496 1931 649 1983 γράψαι
682 1931 749 1971 τὸν
786 1933 916 1981 νόμον.
978 1931 1092 1970 Hinc
1128 1931 1205 1970 feci
1241 1931 1398 1982 γράψας
1429 1948 1485 1972 τις
1517 1932 1647 1980 νόμον,

136 2000 276 2026 veram
298 1987 411 2026 haud
433 1987 556 2026 dubie
583 1987 846 2040 scripturam.
910 1987 1112 2040 Taylorus
1141 1986 1321 2026 correxit
1349 1988 1368 2025 ὁ
1397 1986 1560 2037 γράφων
1581 1987 1651 2026 τὸν

139 2044 270 2091 νόμον.
333 2043 413 2082 Sed
435 2043 559 2090 100118,
584 2058 705 2096 (1110111
728 2044 853 2083 verba
882 2048 1039 2091 tenent,
1062 2057 1111 2082 ea
1133 2042 1201 2082 vix
1229 2042 1327 2081 sinit
1354 2042 1408 2081 ad
1434 2042 1651 2095 Leptincm

134 2098 260 2138 trahi.
325 2098 531 2138 Universe
562 2104 709 2138 contra
742 2099 774 2137 si
803 2099 1022 2152 acceperis.
1052 2098 1187 2138 nullus
1218 2097 1259 2136 in
1290 2097 1522 2150 posteriore
1554 2112 1651 2137 voce

137 2153 316 2193 articulo
336 2154 451 2194 locus
471 2160 547 2194 est.
610 2155 753 2195 Etiam
778 2155 954 2208 posthac
984 2154 1024 2193 in
1052 2154 1131 2194 1100
1158 2155 1422 2207 Argumento
1450 2153 1647 2207 legimus:

139 2210 255 2258 νόμος
285 2211 346 2259 ἣν,
373 2210 441 2249 τὸν
470 2211 681 2261 γράψαντα
712 2212 830 2260 νόμον
862 2210 885 2265 ᾒ
916 2210 1106 2262 ψήφισμα
1136 2213 1233 2259 μετὰ
1264 2209 1440 2249 ἐυιαυτὸυ
1469 2210 1520 2259 μὴ
1553 2210 1651 2248 εἶναι

136 2267 364 2305 ὑπεύθυνον.
398 2266 445 2305 F.
469 2267 521 2304 A.
543 2266 734 2306 WOLF.
759 2267 902 2318 γράφει
924 2283 978 2307 τις
1001 2267 1117 2315 νόμος
1138 2280 1189 2305 ex
1211 2265 1300 2304 cod.
1320 2265 1504 2304 Vindob.
1527 2265 1651 2304 affert

139 2320 354 2374 Tay101'uS‚
378 2322 494 2374 cujus
515 2336 566 2362 ex
587 2323 829 2375 conjectura
851 2322 982 2361 solum
1003 2321 1179 2361 assumsi
1201 2321 1378 2372 γράφων.

194 2377 288 2428 πρὸς
310 2378 442 2430 αὐτὸν]
468 2377 521 2416 V.
546 2392 652 2430 quae
676 2378 723 2417 F.
748 2378 800 2417 A.
826 2378 885 2415 W
888 2377 1006 2417 olfius
1029 2377 1136 2416 dixit
1158 2377 1199 2416 in
1220 2376 1303 2415 fine
1325 2376 1560 2429 Prolegom.

195 2445 291 2484 452,
319 2445 383 2472 20.
406 2433 594 2487 πολλαῖς]
620 2433 668 2472 F.
692 2434 744 2472 A.
771 2433 952 2473 VVolfius
973 2433 1111 2472 dedit:
1145 2433 1234 2473 τοὺς
1256 2431 1459 2482 εὐεργέτας
1479 2431 1652 2480 μάλιστα

138 2491 317 2533 πόλεως
340 2490 400 2528 καὶ
423 2490 622 2539 διαφόροις
647 2493 783 2538 τιμαῖς,
809 2490 869 2528 καὶ
890 2489 934 2537 δὴ
957 2490 1018 2528 καὶ
1041 2489 1209 2540 ἀτελείᾳ.
1272 2492 1295 2508 “
1318 2487 1464 2526 Edunt
1486 2487 1651 2526 omnes⁵7

138 2544 276 2597 inquit
298 2550 322 2566 ‘⁴
343 2546 431 2586 τοὺς
452 2544 657 2594 εὐεργέτας
677 2544 850 2593 μάλιστα
870 2547 1037 2584 πολλαῖς
1060 2545 1120 2582 καὶ
1142 2543 1339 2593 διαφόροις
1359 2546 1496 2591 τιμαῖς.
1546 2542 1651 2580 Illud

138 2613 235 2639 vero
257 2603 424 2640 πολλαῖς
445 2599 524 2639 hac
541 2600 740 2652 junctura
765 2599 952 2652 ineptum
973 2599 1079 2637 bene
1100 2602 1221 2637 notat
1244 2597 1458 2650 Taylorus,
1481 2611 1533 2635 ex
1558 2597 1650 2636 Ital.

138 2655 267 2696 allata
297 2655 485 2703 lectione,
512 2656 654 2696 ἄλλαις
684 2671 724 2694 τε
758 2656 818 2694 καὶ
849 2656 1050 2705 διαφόροις
1080 2658 1216 2703 τιμαῖς,
1244 2666 1362 2705 quae,
1389 2652 1466 2692 etsi
1495 2652 1650 2700 melior,

139 2717 281 2751 tamen
307 2716 349 2751 et
377 2710 467 2764 ipsa
488 2710 652 2751 videtur
679 2724 767 2749 0880
792 2725 817 2750 3
845 2714 1092 2749 correctore.
1154 2707 1359 2748 Vocabuli
1381 2707 1482 2760 ejus,
1506 2707 1548 2746 in
1571 2722 1652 2760 quo

140 2766 285 2806 vitium
305 2772 426 2820 patet
446 2766 592 2813 inesse,
615 2766 948 2806 emendationem
969 2778 1104 2804 meam
1125 2764 1268 2803 firmat
1290 2763 1594 2803 Demosthenes
1610 2763 1652 2802 in

141 2823 261 2862 Orat.
283 2838 322 2876 p.
337 2833 433 2873 477,
455 2835 515 2861 12.
539 2822 712 2874 aliisque
732 2821 844 2861 locis.
888 2820 1059 2860 Erroris
1081 2834 1272 2859 caussam
1286 2819 1421 2858 habeo
1444 2821 1517 2867 καί,
1541 2819 1652 2872 quod

140 2878 340 2931 sequitur,
363 2877 498 2917 minus
525 2892 551 2917 a
579 2877 726 2917 scribis
751 2877 1017 2918 intellectum.
1045 2875 1110 2915 cui
1136 2875 1390 2928 respondent
1417 2875 1476 2914 καὶ
1504 2875 1548 2924 δὴ
1577 2875 1650 2914 καί.

143 2934 209 2973 Sic
238 2933 344 2973 enim
379 2935 443 2973 καί
470 2934 531 2973 vel
570 2933 610 2973 τέ
642 2938 802 2986 ponunt
834 2934 873 2972 in
905 2947 987 2972 11110
1019 2932 1217 2979 membro.
1248 2931 1289 2969 in
1320 2930 1453 2970 altero
1484 2931 1538 2970 ad
1571 2930 1651 2969 vim
