1997 3256
517 166 845 207 ADVERSUS
878 167 1337 208 ANDROTIONEM.
1602 170 1686 211 857

231 283 328 325 595,
347 284 410 312 20.
434 272 500 312 οὐκ
523 273 660 314 ἐῶντος
682 272 842 327 ἐξεῖναι]
878 273 947 312 Or.
963 276 1109 312 contra
1127 272 1276 312 Neaer.
1293 272 1468 326 p.1381.
1493 272 1552 312 καὶ
1574 274 1685 312 ὕστε-

172 345 244 378 ρον
265 329 332 368 οὐκ
353 330 397 380 ἐᾷ
417 329 457 381 (ὁ
479 328 620 380 ῥήτωρ)
645 330 852 380 γίγνεσθαι
866 328 1077 379 Ἀθηναῖον
1101 328 1256 377 ἐξεῖναι.
1309 328 1416 367 ibid.
1433 342 1471 381 p.
1492 329 1612 381 1384.
1634 328 1686 368 ἂν

173 385 308 424 ἄδειαν
329 384 487 434 λάβωσι
508 388 575 424 τοῦ
597 386 749 434 ἐξεῖναι.
796 386 849 425 V.
874 385 1119 437 Bernhardy
1143 386 1259 437 Synt.
1282 399 1321 437 p.
1343 398 1410 435 44.
1455 384 1640 424 FUNK.

229 451 326 493 595,
352 452 417 491 27.
447 442 523 492 ἐγὼ
545 440 592 489 δ’,
615 443 648 481 εἰ
667 443 739 490 μὲν
761 441 868 481 ἕὸωιδ
887 460 918 481 κ.
940 458 972 480 τ.
995 441 1056 492 λ.]
1091 440 1332 480 Sententia:
1368 440 1410 479 Si
1443 445 1592 480 auctor
1618 455 1685 480 vo-

173 495 235 535 bis
256 496 313 535 fui
335 496 377 535 in
398 511 490 536 11100
512 497 630 545 scito,
655 502 699 537 ut
723 497 885 537 senatui
908 497 1062 536 donum
1084 496 1250 547 roganti
1273 495 1442 544 daretis,
1464 496 1599 536 fat—eor
1618 511 1684 536 1110

173 551 340 592 scivisse
360 567 447 593 rem
469 553 627 607 legibus
649 554 955 593 adversantem.
997 552 1192 592 REISK.

229 620 326 662 595,
352 611 417 649 28.
447 610 595 663 εἴρηκα]
633 609 800 649 Scilicet
825 609 1027 661 ψήφισμα.
1089 608 1147 648 Et
1178 611 1241 647 est
1270 606 1388 660 quasi
1421 608 1591 646 verbum
1622 622 1685 647 so-

171 664 291 704 lenne
321 670 363 705 et
390 665 620 719 legitimum
648 666 699 705 de
721 680 769 705 eo
791 665 858 718 qui
890 664 1152 718 rogationem
1176 664 1270 703 fert.
1332 663 1447 703 Infra
1468 678 1507 716 p.
1533 665 1627 712 601,
1653 678 1684 704 1.

174 722 351 772 εἰρηκότα
372 722 490 761 αὐτὸν
510 722 726 772 παράνομα.
769 721 1027 760 TAYLOR.

230 779 326 831 596,
354 790 395 830 3.
428 780 448 817 ὁ
479 778 584 817 ταῦτ’
608 779 853 829 ἐπιψηφίζων
885 794 915 816 κ.
945 793 977 815 τ.
1005 775 1065 829 λ.]
1114 775 1231 816 citat
1263 775 1520 827 Harpocrat.
1542 790 1578 814 v.
1605 778 1685 815 δια-

170 836 405 884 χειροτονία,
443 834 543 873 110111
575 849 609 872 v.
643 834 901 884 ἐπιψηφίζων,
937 831 1007 871 111)1
1042 836 1184 871 tamen
1219 831 1326 871 male
1362 831 1682 884 interpretatur.

172 889 368 929 REISK.
430 889 516 929 Nec
538 889 694 929 rectius
716 889 904 928 Zonaras
926 903 964 941 p.
989 889 1084 939 849.
1132 886 1381 927 SCHAEF.

225 947 323 998 596,
345 955 387 998 5.
409 945 479 994 τὴν
499 945 623 997 ἀρχὴν
644 943 719 984 οὐδ’
739 946 934 996 ἐπερωτᾶν
955 943 1145 997 προσῆκε]
1176 943 1222 982 Iiv
1242 943 1398 983 omnino
1418 943 1683 998 adpopulecm

168 1001 217 1040 de
242 1015 287 1040 ea
314 1015 354 1040 re
379 1002 529 1053 refirro
555 1015 631 1040 non
651 1000 796 1040 dehent..
861 1000 929 1040 Ita
949 1015 988 1053 p.
1011 1010 1108 1053 595,
1135 1012 1169 1039 2.
1193 999 1280 1049 περὶ
1308 1001 1361 1039 ὧν
1382 1017 1427 1051 γε
1455 1000 1506 1050 μὴ
1536 1004 1682 1040 κεῖνται

170 1058 294 1107 νόμοι,
319 1057 407 1096 οὐδὲ
428 1057 597 1108 γράφειν
617 1057 687 1106 τὴν
708 1056 834 1109 ἀρχὴν
854 1055 1054 1107 προσήκει.
1099 1055 1357 1095 TAYLOR.

226 1114 322 1166 596,
347 1114 383 1152 8.
417 1114 526 1152 ἔστιν
547 1114 572 1152 ἃ
598 1113 761 1152 Μειδίου
775 1111 849 1166 —]
886 1112 1002 1151 Idem
1022 1112 1187 1151 videtur
1217 1126 1306 1151 esse
1337 1126 1386 1152 ac
1417 1112 1450 1151 si
1482 1111 1678 1151 dixisset:

169 1172 237 1208 τοῦ
256 1186 297 1208 τε
315 1169 478 1208 Μειδίου
501 1170 563 1208 καὶ
584 1170 719 1208 ἄλλων
736 1172 851 1208 τινῶν
866 1168 946 1218 μετ’
965 1169 1082 1208 αὐτοῦ
1103 1169 1419 1219 κατηγορούντων
1435 1171 1500 1217 τῆς
1519 1171 1680 1218 βουλῆς.

167 1238 256 1264 cum
275 1224 438 1264 Midias
458 1224 609 1278 aliique
634 1239 715 1264 una
741 1239 831 1263 cum
851 1239 890 1263 eo
909 1231 1085 1263 senatum
1107 1230 1349 1263 accusarent.
1410 1223 1518 1263 Nam
1549 1223 1682 1277 possit

167 1280 295 1321 etiam
316 1280 439 1321 aliter
459 1280 604 1334 accipi,
627 1281 705 1319 hoc
727 1295 874 1333 nempe
895 1280 1018 1319 modo
1036 1297 1043 1319 :
1076 1294 1163 1319 eum
1184 1280 1345 1319 Midias
1363 1286 1544 1320 sonatum
1565 1280 1681 1319 alios-

166 1351 238 1390 que
254 1344 467 1388 praeterea
487 1343 698 1376 accusaret.
734 1337 850 1387 Quae
871 1350 999 1389 prava
1015 1336 1123 1376 foret
1144 1335 1453 1388 interpretatio.
1483 1336 1679 1376 REISK.

169 1393 326 1433 Midias
358 1400 498 1432 utrum
529 1393 638 1432 idem
668 1392 724 1432 sit
754 1398 902 1432 contra.
930 1406 1052 1445 quem
1083 1391 1318 1432 orationem
1348 1392 1496 1433 habuit
1528 1392 1680 1432 Demo-

167 1449 336 1489 sthenes
357 1463 411 1488 an
432 1449 537 1489 alius
559 1463 641 1488 non
663 1448 805 1502 liquet.

222 1507 400 1559 596,19.
434 1505 576 1556 γένοιτ’
597 1505 659 1544 ἐπὶ
689 1507 740 1558 τῷ
769 1504 888 1558 δήμῳ]
920 1505 986 1544 Ne
1013 1504 1198 1558 populns,
1229 1504 1387 1544 etiamsi
1421 1503 1524 1550 velit.
1552 1504 1682 1556 possit

164 1575 286 1613 nequo
311 1561 514 1601 lenociniis
534 1561 837 1615 persuasionum
868 1561 1022 1614 impelli
1053 1575 1172 1614 neque
1200 1560 1430 1613 ‘imposturis
1460 1575 1500 1600 eo
1526 1560 1678 1600 induci.

165 1617 361 1658 REISK.
437 1617 638 1671 Optativo
680 1617 827 1666 utitur,
864 1617 961 1657 licet
998 1616 1232 1670 praesentis
1272 1616 1472 1670 temporis
1507 1617 1679 1657 verbum

163 1674 403 1728 praecedat,
445 1674 660 1714 consilium
700 1673 889 1713 indicans
926 1673 1038 1726 quod
1077 1672 1133 1712 illi
1174 1672 1282 1721 011111,
1324 1673 1393 1726 qui
1434 1673 1545 1726 leges
1586 1687 1678 1713 san-

164 1736 329 1779 xerunt,
353 1730 484 1771 secuti
506 1731 602 1770 sint.
664 1729 865 1770 Similiter
886 1745 926 1783 p.
951 1740 1047 1782 745,
1063 1741 1127 1770 20.
1151 1730 1261 1771 οὗτος
1282 1731 1301 1768 ὁ
1325 1730 1678 1780 νόμος-κεῖται-

163 1787 227 1826 ἵνα
247 1787 349 1837 μὴ-
359 1786 649 1838 ἀναγκάζοιντο.
697 1786 751 1825 V.
778 1785 1054 1826 Schoemann.
1076 1785 1132 1825 ad
1155 1784 1319 1825 Isaeum
1340 1800 1380 1839 p.
1407 1798 1500 1838 239.

220 1845 316 1895 596,
343 1856 408 1883 20.
432 1845 451 1882 ὁ
473 1843 589 1884 τιθεὶς
609 1843 676 1882 τὸν
699 1841 838 1896 νόμον]
872 1844 1028 1881 Auctor
1049 1841 1156 1894 leffl's.

219 1901 317 1953 596,
342 1911 405 1938 22.
439 1899 528 1938 ἀλλ’
552 1898 572 1938 ὃ
603 1900 751 1938 δίκαιον
777 1898 824 1948 ἧν
856 1898 998 1951 εὑρεῖν]
1046 1898 1127 1937 Sed
1165 1897 1269 1951 quod
1302 1897 1516 1952 eoecofye'tari
1550 1904 1678 1950 posset

152 1956 319 2008 justum.
355 1955 385 1994 J
391 1955 541 1994 URIN
546 1987 554 1993 .
626 1954 744 1994 Conf.
776 1969 815 2007 p.
849 1955 943 2004 642,
979 1967 1014 1994 2.
1052 1953 1193 1995 πάντες
1229 1953 1517 2004 ἀσθενέστερον
1551 1954 1600 1993 ἂν
1634 1954 1678 1993 τὸ

163 2012 312 2052 δίκαιον
332 2013 459 2063 εὑρεῖν
479 2012 663 2062 ἡγοῦνται
683 2011 771 2061 περὶ
791 2011 936 2050 τούτων
957 2010 1064 2050 αὐτοὶ
1084 2012 1152 2049 τοῦ
1172 2011 1277 2061 παρὰ
1297 2011 1445 2052 τούτοις
1467 2009 1677 2061 εὑρημένου

163 2069 325 2108 δικαίου.

219 2126 318 2177 596,
342 2134 406 2177 25.
431 2125 474 2178 ἐῇ
496 2137 611 2164 error
631 2123 880 2177 typothetae
901 2138 977 2177 pro
999 2124 1058 2176 ἐξι.

219 2190 316 2232 597,
338 2193 370 2219 1.
393 2180 437 2219 τὸ
460 2180 641 2233 ἰσχυρὸν]
676 2179 862 2219 Subaudi
885 2181 1088 2230 ἀπόρρημα
1103 2177 1165 2218 vel
1187 2176 1318 2217 simile
1335 2176 1446 2230 quid.
1486 2177 1555 2218 hoo
1574 2177 1676 2218 vali-

162 2235 268 2283 dum.
291 2242 408 2275 tenax
427 2242 460 2276 et
480 2236 633 2283 minax,
650 2235 869 2289 ‘inflantibus
879 2236 1022 2289 poenis
1032 2234 1354 2289 praemunimm,
1373 2233 1677 2287 inexpuqnabile

161 2292 416 2332 interdictum
437 2306 455 2332 e
477 2306 559 2345 rep.
577 2291 639 2331 vel
660 2292 718 2331 (ch
735 2292 833 2345 reip.
855 2291 1096 2331 commmodum
1117 2291 1176 2330 sic
1196 2304 1271 2330 esse
1292 2289 1429 2328 latmn.
1466 2290 1662 2330 REISK.

219 2361 315 2401 597,
337 2361 377 2400 3.
411 2347 565 2399 θάτερα,
599 2349 663 2387 ἵνα
697 2349 817 2397 μηδὲν
854 2349 946 2387 εἴπω
983 2346 1180 2398 φλαῦρον]
1232 2345 1297 2384 De
1331 2344 1410 2384 hoc
1449 2359 1527 2384 usu
1561 2347 1676 2386 vocis

164 2403 306 2454 θάτερα
329 2404 576 2444 Schaeferus
605 2403 752 2443 laudat
774 2403 1080 2442 Buttmannum
1110 2401 1152 2441 in
1180 2400 1381 2440 Meinekii
1405 2400 1676 2442 Menandreis

162 2461 314 2514 p.581.
377 2460 585 2513 Compara
602 2459 721 2498 Dem.
744 2473 784 2512 p.
811 2460 904 2511 269.
927 2462 1058 2498 καλῶν
1077 2456 1100 2507 ἢ
1120 2457 1176 2507 μὴ
1197 2457 1426 2496 τοιούτων.
1468 2471 1509 2509 p.
1525 2458 1619 2510 298.
1643 2460 1677 2498 εἰ

161 2516 235 2566 μέν
265 2533 306 2555 τι
336 2519 424 2556 τῶν
455 2517 652 2555 δεόντων
686 2514 905 2566 ἐπράχθη,
931 2514 999 2553 τὸν
1031 2513 1176 2564 καιρὸν,
1209 2513 1278 2551 οὐκ
1307 2510 1374 2561 ε’μέ
1400 2516 1523 2562 φησιν
1552 2515 1676 2553 αἴτιον

162 2574 413 2624 γεγενῆσθαι,
446 2575 522 2611 τῶν
553 2571 584 2610 δ“
611 2572 665 2612 ὡς
697 2570 859 2620 ἑτέρως
893 2569 1171 2620 συμβάντων
1201 2566 1384 2607 ἁπάντων
1415 2568 1481 2616 ἐμὲ
1512 2569 1575 2608 καὶ
1605 2568 1676 2619 τὴν

161 2629 256 2678 ἐμὴν
276 2629 398 2680 τύχην
420 2629 546 2667 αἰτίαν
569 2627 680 2666 εἶναι.
725 2626 907 2665 FUNK.

218 2695 315 2738 597,
340 2695 377 2735 7.
410 2687 520 2722 τοῦτο
551 2682 643 2736 μὲν]
678 2682 742 2721 De
773 2695 850 2721 usu
881 2680 1081 2720 formulae
1110 2683 1223 2719 τοῦτο
1253 2679 1339 2728 μὲν,
1361 2691 1445 2717 non
1475 2684 1674 2732 sequente

162 2743 273 2780 τοῦτο
306 2741 359 2786 δὲ,
383 2754 419 2778 v.
444 2753 550 2792 quae
581 2753 631 2778 ex
668 2737 769 2777 meis
801 2736 963 2777 schedis
994 2735 1110 2775 dedit
1142 2734 1410 2773 Hemnannus
1440 2733 1495 2773 ad
1522 2735 1669 2789 Vigor.

162 2811 202 2850 p.
227 2806 321 2847 702.
383 2795 606 2834 Formulae
627 2798 769 2834 autem
791 2795 824 2833 εἰ
843 2794 982 2843 βούλει
1003 2805 1102 2831 usus
1133 2790 1313 2830 solennis
1335 2794 1411 2837 est,
1434 2791 1601 2842 quando
1622 2792 1674 2831 de

162 2851 349 2906 pluribus
377 2851 589 2904 exemplis,
613 2865 718 2904 quae
750 2854 848 2889 sunt
878 2848 920 2887 in
950 2851 1130 2901 promtu,
1152 2859 1281 2885 unum
1301 2844 1470 2898 aliquod
1491 2845 1674 2901 decerpi-

162 2912 234 2947 tur
253 2907 580 2947 memorandum.
626 2907 807 2947 Vertas:
840 2911 883 2945 ut
901 2904 969 2944 Ῐιοσ
992 2903 1088 2956 (his)
1111 2907 1218 2942 utar.
1272 2900 1397 2940 Plato
1419 2900 1548 2956 Hipp.
1567 2902 1673 2956 Maj,

164 2978 204 3015 p.
230 2964 308 3006 282
332 2963 377 3003 G.
400 2965 433 3003 εἰ
455 2964 495 3002 δὲ
517 2963 668 3013 βούλει,
692 2964 712 3002 ὁ
734 2961 917 3013 ἡμέτερος
939 2962 1088 3011 ἑταῖρος
1100 2983 1167 2997 --.
1211 2955 1460 2998 SCHAEF.
