1997 3256
329 132 443 172 1022
627 132 951 174 ADVERSUS
984 133 1482 175 ARISTOGITONEM
1518 133 1549 173 I.

389 249 484 291 770,
514 252 575 290 14.
605 238 730 289 μάτην
758 239 1096 293 ἐρραψῳδηκότας]
1126 239 1222 279 Hoc
1251 240 1377 279 verbo
1405 238 1530 279 semel
1551 253 1649 279 usus
1678 242 1742 278 est
1764 239 1848 279 De-

330 295 570 335 mosthenes
599 310 637 349 p.
662 296 755 344 181,
779 309 839 346 14.
869 296 982 336 οὐδὲν
1012 296 1080 335 οὖν
1109 295 1199 336 ἀλλ’
1222 294 1244 346 ἢ
1265 296 1573 349 ῥαψῳδήσουσιν
1602 297 1639 335 οἱ
1661 295 1849 346 πρέσβεις

330 352 557 402 περιιόντες.

391 418 484 458 771,
508 420 546 460 3.
568 409 616 447 τὰ
641 411 717 447 τῶν
739 409 867 458 νόμων
889 408 1015 447 δίκαια
1044 407 1200 461 ἰσχυρά]
1225 406 1366 460 ἰσχυρά
1387 407 1439 447 ab
1460 406 1576 456 libris
1599 406 1849 460 quibusdam

329 463 451 503 abest
481 468 523 503 et
550 463 697 503 abesse
727 468 882 518 potest.
942 463 1080 504 Juxta
1107 478 1269 504 mecum
1297 464 1605 517 interpretatur
1626 463 1732 503 Phil.
1758 464 1849 504 Me-

329 518 571 566 lanchthon.
602 519 724 560 scilic.
753 534 896 569 eorum,
925 520 995 574 qui
1024 520 1196 574 ἰὶΐῐραηΐ,
1228 526 1386 574 uterque
1416 519 1535 568 adest,
1568 526 1612 560 ut
1639 533 1714 559 sua
1733 520 1850 572 justa

329 582 507 629 exponat.
560 575 743 616 Videtur
777 576 940 617 illatum
975 582 1149 630 propter
1184 591 1243 624 ea,
1278 590 1383 630 quae
1414 575 1456 615 in
1490 575 1610 616 initio
1646 576 1849 617 orationis

330 631 536 686 leguntur.
584 631 701 673 Infra
720 647 759 686 p.
786 644 879 686 791‚
902 646 941 687 3.
964 635 1082 675 οὕτως
1103 634 1282 683 ἐξετάσαι
1302 636 1438 673 τοῦτον
1461 633 1522 672 καὶ
1543 635 1591 672 τὰ
1612 633 1766 673 τουτουῒ
1782 637 1851 674 τοῦ

331 689 481 740 ἀγῶνος
513 690 648 729 δίκαια.
713 689 771 729 Et
792 704 832 743 p.
856 700 949 743 773.
975 703 1038 743 25.
1074 692 1120 729 τὰ
1150 691 1223 740 μὲν
1251 690 1320 729 οὖν
1347 690 1435 740 περὶ
1465 691 1531 739 τῆς
1560 688 1760 738 ἐνδείξεως
1789 690 1850 730 καὶ

330 748 408 784 τῶν
436 746 564 795 νόμων
595 746 722 786 δίκαια
753 747 882 795 αὐτὸν,
907 748 1002 797 ὅπερ
1033 747 1229 796 πεποίηκε,
1254 749 1480 797 Λυκοῦργον
1511 746 1634 796 αἱρεῖν
1664 746 1848 797 ἡγούμην.

332 800 650 855 Theophrastus
675 816 709 841 c.
740 814 800 854 17.
824 802 874 842 de
898 802 1105 854 Querulo:
1141 804 1248 853 δίκην
1277 801 1436 852 νικήσας
1465 801 1526 841 καὶ
1553 802 1693 852 λαβὼν
1720 801 1852 846 πάσας

331 859 397 900 τὰς
422 858 584 910 ψήφους
611 860 794 910 ἐγκαλεῖν
822 862 873 913 τῷ
898 859 1101 910 γράψαντι
1126 859 1193 899 τὸν
1221 860 1345 910 λόγον
1375 859 1423 900 ὡς
1449 860 1583 898 πολλὰ
1608 863 1848 908 παραλελοι-

330 915 419 953 πότι
454 918 531 954 τῶν
567 916 737 955 δικαίων.
775 915 1035 956 TAYLOR.
1088 915 1230 968 ἰσχυρά
1266 914 1430 955 videtur
1466 929 1487 954 e
1522 914 1638 955 varia
1671 914 1851 956 lectione

331 969 558 1024 irrepsisse,
591 984 684 1010 cum
712 970 804 1010 aliis
835 971 876 1010 in
906 972 1022 1012 libris
1048 977 1159 1012 esset·
1190 974 1236 1011 τὰ
1268 975 1342 1011 τῶν
1375 972 1503 1022 νόμων
1529 972 1667 1019 δίκαια,
1690 970 1733 1010 in
1758 971 1850 1012 aliis

329 1028 379 1066 τὰ
414 1030 490 1066 τῶν
526 1029 654 1076 νόμων
691 1027 864 1080 ἰσχυράς
907 1033 1131 1081 utrumque
1167 1029 1284 1076 bene.
1323 1027 1397 1067 sed
1433 1027 1606 1067 seorsim
1642 1028 1848 1082 quodque.

332 1081 527 1122 REISK.
570 1082 731 1123 Eadem
760 1083 944 1124 Dobraei
973 1084 1183 1124 sententia
1210 1084 1301 1124 fuit.
1365 1084 1447 1124 Sed
1475 1084 1754 1124 necessarium
1785 1089 1851 1125 est

333 1138 485 1191 ἰσχυρά,
508 1144 556 1180 ut-
587 1139 754 1179 dicatur
782 1141 893 1193 quod
920 1141 1043 1194 hujus
1070 1140 1150 1180 loci
1181 1140 1390 1181 sententia
1420 1140 1619 1194 postulat,
1649 1140 1778 1181 firmis
1806 1155 1851 1182 se

331 1195 394 1235 uti
415 1195 632 1249 praesidiis
649 1196 757 1250 juris
778 1196 938 1250 legibus
960 1197 1193 1238 constituti.

390 1263 485 1303 771,
511 1264 547 1305 7.
585 1254 907 1305 ἐγγεγραμμένον
942 1268 993 1294 ex
1030 1253 1148 1294 codd.
1189 1259 1230 1293 et
1266 1252 1458 1293 Aristide
1493 1252 1739 1294 restitutum
1773 1268 1850 1307 pro

332 1307 501 1362 vulgato
532 1308 628 1349 olim
660 1310 942 1362 γεγραμμένον.
988 1310 1057 1351 Ita
1089 1310 1289 1351 Libanius
1319 1309 1361 1349 in
1392 1311 1660 1364 Argumento
1690 1325 1729 1364 p.
1754 1311 1849 1362 768.

330 1364 405 1405 ult.
435 1365 503 1405 οὐκ
533 1366 842 1417 ἐξαληλιμμένου
871 1368 910 1417 ἐξ
941 1368 1188 1419 ἀκροπόλεως
1207 1366 1557 1419 Ἀριστογείτονος,
1588 1366 1680 1406 ἀλλῆ
1701 1367 1756 1407 ἔτι
1783 1370 1852 1407 τοῦ

330 1421 595 1473 ὀφειλήματος
625 1423 956 1475 ἐγγεγραμμένου.
989 1428 1030 1464 et
1051 1439 1092 1477 p.
1117 1427 1210 1477 769,
1234 1437 1296 1474 14.
1329 1424 1373 1463 οὐ
1402 1422 1589 1474 προσήκει
1616 1423 1753 1475 λέγειν
1783 1424 1851 1464 τὸν

330 1477 434 1530 τάχα
461 1481 612 1520 δικαίως
640 1480 972 1531 ἐγγεγραμμένον,
1034 1481 1091 1520 Et
1112 1495 1153 1534 p.
1178 1492 1271 1533 7917
1303 1493 1361 1519 ιο.
1391 1481 1426 1519 οἱ
1448 1481 1569 1529 νόμοι,
1594 1478 1676 1519 καθ’
1699 1480 1765 1522 οὓς
1787 1481 1850 1532 ἐγ-

330 1534 550 1586 γράφονται
577 1534 720 1577 πάντες
747 1537 784 1575 οἱ
811 1538 1135 1588 ὀφλισκάνοντες.
1168 1542 1210 1576 et
1237 1535 1425 1590 proxime
1447 1551 1481 1575 v.
1509 1536 1574 1575 18.
1600 1535 1699 1576 ibid.
1723 1538 1760 1576 οἱ
1788 1539 1850 1577 διὰ

329 1590 488 1642 γραφὴν
517 1591 823 1643 ἐγγεγραμμένοι
852 1594 986 1643 μόνην.
1026 1593 1242 1633 Valesium
1263 1593 1317 1633 ad
1341 1593 1595 1646 Harpocrat.
1618 1607 1654 1632 V.
1678 1594 1846 1633 Βουλεύ-

331 1663 432 1688 σεως
452 1651 495 1686 et
516 1652 664 1688 notata
685 1662 711 1688 a
731 1662 797 1689 me
818 1650 872 1689 ad
894 1649 1088 1689 Aeschin.
1108 1664 1140 1690 c.
1161 1649 1368 1690 Timarch.
1386 1664 1423 1703 p.
1443 1651 1509 1695 62.
1530 1662 1563 1689 1.
1588 1649 1848 1690 TAYLOR.

390 1702 533 1743 Delevi
560 1705 621 1743 καὶ
645 1710 745 1744 ante
773 1706 842 1745 οὐκ
870 1706 958 1755 ἐξὸν
978 1706 1143 1755 lectum,
1166 1710 1395 1760 praeeunte
1417 1704 1599 1753 Reiskio.
1624 1704 1693 1760 qui
1720 1720 1849 1746 anno-

330 1759 439 1799 tavit
466 1764 492 1782 ‘⁶
515 1761 576 1800 καὶ
603 1761 750 1801 abesse
780 1761 933 1802 malim.
985 1762 1253 1803 Constructio
1279 1762 1381 1802 haec
1410 1767 1502 1802 est:
1537 1763 1681 1804 εἰδότες
1711 1765 1850 1802 τοῦτον

330 1816 466 1868 λέγειν
491 1817 576 1869 (οὐκ
599 1817 688 1867 ἐξὸν
709 1818 828 1872 αὐτῷ)
855 1819 915 1858 καὶ
938 1820 1153 1870 ὀφείλοντα
1174 1820 1225 1873 τῷ
1248 1820 1418 1871 δημοσίῳ
1441 1819 1503 1858 καὶ
1530 1818 1849 1870 ἐγγεγραμμένον

333 1873 376 1912 ἐν
417 1874 640 1924 ἀκροπόλει.
679 1875 814 1928 quari,
857 1875 1161 1929 Aristoyitonem
1199 1876 1302 1915 hunc
1340 1878 1531 1915 oratorem
1571 1888 1694 1928 (effere,
1735 1889 1849 1928 quem

330 1943 447 1982 affere
465 1929 579 1969 haud
596 1930 678 1984 ipsi
699 1931 822 1980 liceat,
846 1933 990 1986 quippe
1009 1932 1079 1987 qui
1099 1939 1133 1973 et
1158 1932 1319 1972 aerario
1340 1930 1474 1971 debeat
1493 1937 1527 1971 et
1548 1930 1652 1971 inter
1672 1931 1850 1972 aerarios

331 1984 374 2025 ι’ῑι
395 2000 487 2026 arce
498 1987 708 2041 pmzclectt.”

390 2053 483 2094 771,
506 2056 567 2090 14.
585 2044 741 2098 ἀδικῶν]
761 2044 867 2094 Quae
887 2045 1008 2085 etium
1028 2045 1184 2085 insonti
1200 2051 1388 2085 terrorem
1410 2045 1637 2084 incuterent.
1656 2043 1848 2084 WOLF.

331 2099 458 2138 ἀδικία
488 2104 551 2138 est
583 2113 631 2139 ea
663 2101 819 2153 species
850 2101 1084 2154 pravitatis,
1115 2116 1197 2155 qua
1228 2102 1318 2154 quis
1348 2101 1456 2142 latas
1486 2101 1597 2155 leges
1628 2099 1770 2140 violat..
1803 2101 1847 2140 τὸ

332 2155 491 2201 ἀδικεῖν,
521 2160 569 2195 ut
596 2155 657 2195 ait·
686 2156 937 2197 Aristoteles
967 2157 1093 2198 Rhet.
1119 2172 1158 2207 4,
1189 2163 1251 2197 est
1284 2158 1326 2197 τὸ
1352 2157 1548 2208 βλάπτειν
1578 2158 1716 2197 ἑκόντα
1745 2159 1848 2208 παρὰ

331 2210 398 2250 τὸν
421 2212 553 2261 νόμον.
602 2212 801 2253 Similiter
823 2218 863 2254 et
888 2214 1197 2268 Paraphrastes
1220 2214 1595 2254 Nicomacheoruln
1616 2223 1654 2267 5,
1679 2226 1713 2253 1.
1736 2213 1847 2265 λέγε-

330 2283 394 2306 ται
434 2268 562 2309 ἄδικος
597 2269 618 2307 ὅ
649 2286 690 2309 τε
722 2270 947 2321 παράνομος
989 2272 1050 2311 καὶ
1086 2272 1106 2310 ὁ
1146 2271 1383 2321 πλεονέκτης
1419 2271 1479 2310 καὶ
1519 2271 1539 2309 ὁ
1576 2270 1848 2311 ἄνισος.-καὶ

331 2323 478 2363 δίκαιον
504 2325 577 2374 μὲν
604 2325 647 2364 τὸ
676 2327 839 2376 νόμιμον
871 2328 932 2367 καὶ
961 2327 1004 2366 τὸ
1033 2330 1133 2375 ἴσον,
1163 2328 1295 2367 ἄδικον
1321 2328 1361 2367 δὲ
1387 2327 1430 2366 τὸ
1458 2326 1686 2378 παράνομον
1715 2327 1775 2366 καὶ
1802 2326 1846 2366 τὸ

330 2380 482 2420 ἄνισον.
542 2380 619 2421 Ait
656 2396 780 2436 ergo:
820 2384 1039 2437 Aristogyito
1079 2384 1138 2424 ita
1168 2384 1382 2438 prio-utum
1421 2383 1545 2423 scitam
1583 2381 1767 2432 instituit,
1804 2389 1848 2423 ut

330 2435 451 2475 etium
471 2437 607 2477 merito
627 2437 702 2478 siba·
726 2445 920 2488 metueret,
942 2441 978 2480 si
998 2440 1096 2494 Zegses
1115 2440 1290 2480 civitatis
1309 2454 1385 2481 non
1401 2440 1551 2493 fuisset
1570 2445 1845 2493 trausyressus.

331 2491 592 2533 TAYLOR.
655 2494 841 2536 subaudi
877 2497 946 2547 τὴν
981 2499 1110 2537 πόλιν.
1151 2496 1194 2537 οἶ)
1230 2511 1329 2551 quae
1369 2497 1456 2551 quis
1495 2496 1613 2536 etiam
1652 2495 1762 2536 nullo
1801 2495 1848 2535 de

329 2548 498 2590 crimine
524 2549 682 2603 publico
714 2559 924 2593 accusatus
957 2559 1088 2593 tumen
1119 2560 1267 2594 metuat
1303 2568 1350 2594 ue
1386 2553 1429 2592 in
1454 2552 1658 2606 judicium
1690 2559 1847 2593 vocatus

329 2604 550 2647 damnetur.
612 2607 725 2648 Bene
746 2608 882 2649 locum
903 2610 1012 2649 hunc
1034 2610 1226 2664 exposuit
1250 2610 1466 2665 Taylorus.
1500 2608 1694 2649 REISK.

389 2671 484 2713 771,
512 2675 574 2716 19.
603 2665 875 2720 δοκιμάζεσθε]
907 2666 952 2707 O.
977 2666 1140 2720 Leptin.
1163 2682 1201 2721 p.
1230 2667 1328 2719 482,
1355 2680 1417 2719 19.
1448 2665 1537 2706 ἀλλ’
1557 2667 1665 2717 ὑμεῖς
1692 2665 1845 2716 δοκιμά-

328 2719 539 2814 ῧσὸθὲἑῖΗ
575 2721 786 2772 ἐπιτήδειοί
819 2723 911 2763 ἐστε
941 2722 1113 2776 πάσχειν
1145 2725 1186 2764 εὖ
1217 2724 1286 2764 τὸν
1318 2725 1522 2764 ἐπίλοιπον
1552 2723 1698 2775 χρόνον
1726 2720 1749 2772 ἢ
1779 2721 1842 2773 μή.

387 2840 484 2882 771,
508 2844 573 2884 23.
597 2832 729 2884 ἕτερόν
750 2833 800 2888 τι]
823 2835 1008 2876 Deterior
1028 2850 1179 2877 caussa.
1213 2834 1465 2877 SOHAEF.

383 2887 528 2940 μηδεὶς]
561 2888 691 2930 Recte
721 2892 864 2940 μηδεὶς,
896 2906 980 2933 non
1010 2893 1162 2935 οὐδείςε
1205 2893 1359 2947 quippe
1389 2891 1543 2946 pendet
1573 2890 1651 2931 hoc
1682 2889 1842 2945 periodi

328 2942 559 2983 membrum
579 2945 632 2985 ab
654 2947 942 2988 enuntiatione
967 2949 1248 2991 conditionali.
1283 2947 1534 2990 SCHAEF.
