1997 3256
722 124 781 163 IN
816 124 1065 165 MIDIAM.
1565 126 1649 170 767

136 234 270 280 ψαντα
305 229 595 282 corrigendum
627 231 753 279 esse),
781 230 1017 283 confugiam
1054 230 1228 283 impedit
1264 230 1389 277 locus,
1423 230 1493 283 qui
1528 230 1650 272 Butt-

135 298 333 324 mannum
354 284 473 338 fugit,
497 299 536 337 p.
558 287 669 337 562.
693 299 800 324 nunc
830 285 984 339 partim
1013 300 1065 325 ex
1095 286 1201 325 libro
1225 286 1266 325 S.
1290 286 1445 339 partim
1466 300 1516 326 ex
1542 287 1651 327 anti—

135 354 217 392 qua
249 354 374 392 quam
411 340 556 380 laudat
593 341 817 380 scholiasta
853 341 1092 381 recmsione
1128 357 1153 381 a
1189 341 1485 382 Tulicensibus
1521 347 1650 396 atque

138 395 354 435 Voemelio
381 396 475 448 jure
497 396 554 435 sic
576 396 823 436 restitutus:
861 397 904 436 τὸ
926 396 956 437 δ’
975 398 1076 438 ὅλως
1098 399 1300 447 ἀφανίζειν
1323 399 1406 449 ἱερὰ
1432 398 1652 449 (edebatur

133 456 260 490 antea
292 453 399 501 ἱερὰν
424 453 584 503 ἐσθητα)
611 451 691 491 ἔσθ’
715 454 736 491 ὅ
767 469 802 491 τι
830 456 896 491 τοῦ
925 454 1171 503 περικόπτειν
1193 454 1368 500 (κόπτειν
1390 468 1440 492 ex
1463 454 1505 493 S.
1530 454 1650 493 Turi-

134 509 290 557 censes)
316 506 563 556 τοὺςἙρμᾶς
589 507 788 558 διαφέρεις
840 509 959 558 Quod
994 508 1071 547 etsi
1104 522 1185 546 non
1218 522 1388 560 prorsus
1416 509 1470 548 ad
1498 509 1651 550 verita-

133 568 218 601 tem
240 563 555 602 acconunodate
578 564 747 609 dictum,
771 564 843 602 sed
872 563 1054 603 oratorie
1083 568 1382 616 exaggeratum
1405 568 1481 611 est,
1505 570 1651 617 aperte

133 622 275 657 tamen
296 618 396 657 furti
417 633 562 658 ansam
585 619 778 672 praebuit
799 619 1086 672 grammatico.
1135 618 1274 672 Magis
1291 619 1506 671 aliquanto
1525 619 1651 659 offen-

133 673 197 713 dit
228 673 420 723 alterum,
444 674 555 726 quod
586 675 869 714 Buttmannus
897 679 1011 714 recte
1036 673 1202 726 quidem
1231 673 1334 713 dicit
1367 675 1521 714 referre
1545 675 1650 729 Tay-

134 729 267 768 lorum
296 730 348 768 ad
380 744 429 769 ea
459 744 565 782 quac
597 730 792 783 leguntur
819 745 859 783 p.
881 741 933 783 53
939 740 977 783 5.
1003 731 1110 781 (οὔτε
1142 729 1393 779 καλουμένων
1416 734 1492 770 τῶν
1514 736 1650 781 κριτῶν

133 786 417 835 παρεστηκότα,
441 785 519 825 οὔθ’
537 787 631 825 ὅταν
652 787 848 836 ὀμνύωσιν
866 787 1132 836 ἐξορκοῦντα),
1152 785 1224 824 Sed
1246 799 1296 824 ex
1318 784 1382 824 his
1404 785 1501 825 solis
1522 792 1650 840 negat

134 855 295 880 sumere
328 841 513 893 potuisse
545 841 867 894 grammaticum
901 841 961 880 ita
992 845 1039 880 ut
1068 840 1236 888 diceret,
1267 842 1317 882 ὡς
1342 842 1361 880 ὁ
1392 843 1650 892 Δημοσθένης

133 896 257 947 λέγει,
279 896 405 935 immo
428 896 693 936 manifestum
725 898 810 936 fere
841 911 929 936 esse
961 911 1011 936 ex
1043 896 1134 949 ipsa
1162 896 1366 936 orationis
1387 897 1533 944 forma,
1556 912 1650 938 ora-

133 956 268 991 torem
290 952 328 990 h.
351 952 376 990 l.
398 952 452 991 ad
474 952 661 1005 superius
683 952 761 992 sibi
784 952 898 992 dicta
920 952 1125 1005 quaedam
1157 967 1199 991 se
1229 952 1383 992 referre
1414 952 1475 993 ita
1503 958 1549 993 ut
1575 969 1651 1007 per

133 1022 307 1047 acumen
339 1012 485 1047 utatur
505 1009 629 1047 verbo
657 1010 851 1058 ἐξορκοῦν.
913 1008 1031 1048 Haec
1062 1013 1185 1048 acute
1208 1008 1374 1061 quidem
1406 1009 1650 1063 excogitata

134 1068 243 1110 sunt,
267 1078 363 1103 vera
395 1078 484 1103 esse
514 1078 596 1103 non
627 1064 763 1104 credo.
827 1064 996 1104 Etenim
1028 1064 1060 1103 si
1083 1079 1189 1118 quae
1215 1069 1312 1117 post
1336 1065 1373 1114 ξ.
1397 1078 1464 1117 3¹-
1488 1065 1650 1106 excide-

134 1125 245 1167 runt,
268 1119 494 1159 maximam
516 1134 564 1159 ea
585 1125 749 1173 partem
771 1120 1013 1160 testimonia
1033 1121 1215 1167 fuerunt,
1234 1120 1466 1173 interjectis
1488 1121 1648 1174 paucis,

134 1180 182 1215 ut
207 1175 295 1215 fieri
323 1175 496 1222 solebat.
521 1176 649 1229 ipsius
676 1176 854 1216 oratoris
876 1176 1012 1216 verbis
1043 1176 1098 1216 ad
1129 1177 1406 1216 advertendos
1433 1177 1650 1217 auditores

134 1231 396 1284 scribamque
418 1232 468 1271 de
489 1246 550 1279 eo,
575 1232 685 1285 quod
714 1232 973 1272 recitandum
1004 1237 1128 1280 esset,
1149 1232 1367 1272 certiorem
1399 1232 1646 1273 faciendum.

135 1287 415 1338 Quamobrem
438 1289 549 1341 quod
580 1288 751 1328 testium
782 1293 887 1336 erat,
914 1303 996 1328 non
1029 1288 1128 1342 ipse,
1156 1288 1198 1327 id
1219 1289 1329 1342 quod
1352 1288 1481 1328 voluit
1511 1304 1648 1343 gram-

132 1343 324 1390 maticus,
348 1343 653 1384 Demosthenes
672 1345 790 1384 facile
813 1345 1058 1384 narraverit.
1108 1344 1218 1384 Tota
1239 1349 1380 1384 autem
1403 1345 1544 1385 fabula
1566 1345 1649 1386 ista

134 1400 337 1452 ejusmodi
358 1404 434 1447 est,
453 1415 577 1453 quam
599 1404 641 1440 et
662 1400 714 1440 ad
739 1402 969 1451 ἐξορκοῦντα
990 1400 1090 1440 illud
1111 1405 1155 1440 et
1176 1401 1231 1440 ad
1247 1401 1373 1440 verba
1398 1402 1434 1452 ξ.
1455 1413 1518 1454 25,
1538 1406 1649 1451 βοῶν

134 1457 308 1495 ἀπειλῶν
339 1457 526 1504 ὀμνύουσι
557 1458 807 1507 παρεστηκὼς
839 1461 920 1497 τοῖς
953 1461 1096 1507 κριταῖς
1127 1459 1197 1507 (ex
1230 1456 1380 1509 quibus
1410 1457 1646 1510 argumenti

134 1512 261 1551 verba
283 1513 383 1561 ἐβόα
404 1513 582 1564 ἐλέγχων
604 1512 721 1552 αὐτὸν
742 1512 974 1565 supplenda
999 1527 1086 1552 esse
1110 1512 1213 1552 vidit
1237 1512 1422 1552 Meierus
1444 1513 1507 1552 ed.
1536 1513 1645 1554 Mid.

134 1582 173 1621 p.
195 1568 272 1619 4.),
295 1567 540 1621 explicanda
567 1567 609 1607 in
639 1568 790 1608 scholis
820 1568 1035 1608 rhetorum
1066 1583 1285 1621 procusam
1317 1583 1405 1608 esse
1437 1568 1647 1621 conjicias,

135 1638 342 1677 quamque
367 1624 604 1678 argumenti
631 1629 845 1664 auctorem
873 1624 932 1663 rei
961 1624 1243 1664 immemorem
1264 1625 1318 1664 ad
1339 1624 1473 1677 ipsum
1496 1625 1644 1665 Demo-

134 1680 325 1719 sthenem
365 1680 471 1720 male
507 1679 697 1720 retulisse
733 1680 951 1733 suspicere.
1022 1680 1146 1721 Certe
1182 1685 1271 1720 tam
1307 1681 1513 1720 sublestae
1549 1681 1647 1721 fidei

132 1735 311 1775 hominis
333 1736 619 1776 testimonium
640 1751 722 1775 non
744 1736 853 1776 tanti
876 1736 1053 1783 videtur,
1071 1751 1121 1776 ex
1139 1751 1220 1789 quo
1242 1736 1328 1776 solo
1350 1736 1530 1790 colligas,
1555 1736 1649 1777 istis

133 1791 392 1845 temporibus
418 1792 651 1832 Midianam
674 1807 796 1845 quam
820 1806 927 1831 nunc
950 1797 1014 1832 est
1040 1792 1310 1845 integriorem
1332 1806 1421 1832 esse
1444 1793 1645 1832 habitam.

134 1847 242 1887 Nam
265 1863 300 1887 v.
325 1849 511 1896 ἐκλώζετε
541 1849 594 1888 ab
623 1848 960 1902 Harpocratione
987 1863 1038 1887 ex
1062 1848 1253 1888 Midiana
1283 1848 1512 1896 laudatum,
1535 1849 1647 1902 quod

133 1903 213 1943 huc
242 1909 492 1944 revocarunt
515 1904 771 1952 Turicenses,
794 1904 948 1944 rectius
976 1904 1153 1944 fortasse
1185 1905 1239 1944 ab
1265 1904 1354 1943 aliis
1385 1904 1566 1944 refertur
1591 1905 1647 1944 ad

134 1974 172 2013 p.
182 1961 278 2013 586.
294 1973 356 2010 17.
387 1960 692 2000 Demosthenes
716 1960 803 2013 ipsc
825 1975 931 2013 quae
952 1960 1062 2000 inter
1082 1960 1243 2014 singula
1258 1960 1500 2000 testimonia
1521 1960 1648 2001 inter-

128 2016 317 2069 jecturus
339 2022 431 2056 erat
452 2017 579 2056 verba
606 2021 680 2056 aut
708 2022 755 2056 ut
776 2031 826 2055 ex
852 2022 1041 2069 tempore
1064 2016 1254 2056 facienda
1283 2015 1470 2056 omisisse
1497 2022 1648 2069 putan-

133 2072 210 2111 dus
241 2077 317 2120 est,
352 2078 425 2112 aut
463 2073 646 2111 nondum
682 2072 885 2119 omnibus,
914 2087 1090 2126 quorum
1123 2071 1351 2126 indigebat,
1384 2072 1648 2125 probationis

134 2127 423 2167 instrumentis
456 2128 711 2181 comparatis
745 2133 792 2167 ut
823 2128 903 2168 alio
934 2133 1122 2182 tempore
1154 2127 1187 2166 si
1219 2127 1296 2167 diis
1330 2128 1513 2181 placeret
1543 2128 1647 2181 adji-

133 2183 280 2224 cienda
304 2184 372 2236 (cf.
399 2184 633 2223 Boeckhius
655 2184 697 2223 in
718 2184 875 2224 Comm.
901 2184 1035 2224 Acad.
1059 2184 1194 2223 Berol.
1219 2185 1454 2233 1818—19.
1477 2199 1517 2237 p.
1541 2186 1643 2236 76);

133 2240 468 2280 testimoniorum
493 2240 725 2280 fabricator
752 2246 894 2280 autem
919 2247 993 2280 aut
1025 2254 1107 2278 non
1136 2239 1239 2280 satis
1259 2240 1313 2279 ad
1335 2239 1434 2278 illud
1455 2241 1525 2289 τὴν
1546 2242 1648 2290 πρώ-

133 2313 203 2346 την
218 2296 480 2343 attendebat,
498 2301 573 2336 aut
594 2296 696 2337 satis
718 2297 902 2336 habebat
924 2295 1099 2349 exempli
1122 2310 1269 2335 caussa
1290 2310 1418 2334 unum
1439 2296 1644 2344 attulisse,

132 2356 207 2391 aut
228 2351 479 2392 deficiebant
500 2352 618 2399 vires,
642 2352 786 2399 otium.
809 2352 1018 2391 materies.
1056 2351 1376 2391 WESTERM.

190 2420 287 2460 522,
313 2419 377 2446 20.
402 2408 595 2460 κωλύσας]
632 2407 746 2447 Libri
774 2408 957 2446 nonnulli
981 2408 1179 2447 κωλύσων.
1244 2406 1385 2460 Ipsum
1408 2406 1647 2456 ἐξαπατηθῆ-

135 2480 198 2503 ναι
220 2463 403 2503 ostendit
427 2464 754 2503 Demosthenem
776 2463 989 2516 scripsisse
1012 2464 1202 2504 κωλύσας.
1253 2462 1333 2512 Qui
1354 2462 1387 2501 si
1410 2462 1647 2514 scripsisset

134 2520 334 2565 κωλύσων,
365 2519 556 2559 additum
587 2519 816 2573 legeremus
848 2521 1124 2568 ἐξαπατᾶσθαι,
1149 2523 1197 2558 ut
1217 2520 1331 2557 v.16.
1363 2517 1538 2571 legimus
1566 2519 1645 2558 ἐπι·

133 2575 598 2628 χωρήσειν-ἐξαπατᾶν.
643 2576 902 2614 SCHAEF.

190 2643 287 2683 52..
313 2644 378 2683 29.
405 2631 573 2684 ὕβρεως]
610 2631 673 2670 De
700 2645 846 2670 caussa
867 2630 1032 2684 privata
1056 2633 1122 2679 τῆς
1145 2631 1293 2681 ὕβρεως
1316 2628 1369 2668 V.
1386 2628 1570 2669 Boeckh.
1593 2629 1647 2669 de

135 2701 275 2727 oecon.
299 2687 457 2727 Athen.
475 2687 552 2726 vol.
573 2700 606 2726 1.
629 2703 668 2741 p.
690 2699 774 2735 400
795 2701 855 2739 sq.
899 2686 1150 2726 SGHAEF.

189 2755 244 2796 52
249 2756 286 2796 3,
311 2756 344 2782 1.
376 2744 541 2796 δημοσία
572 2743 733 2795 κρινειν]
772 2742 854 2781 His
882 2741 1017 2781 verbis
1049 2740 1253 2793 προβολήν
1274 2740 1497 2794 significari
1528 2746 1646 2782 recte

134 2798 238 2838 vidit
270 2799 504 2839 Boeckhius
534 2799 560 2838 l.
588 2814 622 2839 c.
685 2798 805 2838 Dixit
837 2799 887 2837 de
921 2798 998 2837 hoc
1030 2798 1120 2837 loco
1148 2797 1195 2836 C.
1225 2798 1274 2836 F.
1299 2797 1569 2836 Hermannus
1601 2797 1644 2836 in

136 2854 341 2908 Symbolis
374 2856 425 2895 de
461 2855 707 2909 injmwiauun
743 2854 976 2894 actionibus
1011 2853 1220 2907 (Gotting.
1241 2854 1380 2904 1847.)
1404 2868 1444 2905 p.
1466 2865 1538 2901 14..
1573 2853 1643 2906 qui

134 2910 385 2951 intellexisse
417 2911 494 2951 sibi
522 2912 687 2951 videtur
717 2925 809 2951 cum
840 2911 1018 2964 προβολῆ
1043 2911 1183 2960 τίμημα
1204 2909 1314 2962 quod
1346 2908 1510 2962 plopiie
1532 2909 1642 2948 dice-
