1997 3256
471 142 532 181 IN
565 141 922 185 ORATIONEM
959 140 1328 180 LEPTINEAM.
1572 145 1655 185 597

142 262 268 301 quam
307 247 420 288 haud
460 247 544 287 seio
584 261 637 287 an
682 246 883 299 Leptinea
928 250 1074 286 nostra
1114 245 1306 299 proxima
1353 246 1545 298 ponenda
1586 246 1652 286 sit.

141 304 266 344 Certe
306 318 412 357 quae
452 307 550 342 sunt
590 317 641 342 ex
683 302 827 342 eadem
867 301 995 341 classe
1032 302 1266 350 Orationes,
1304 306 1452 341 contra
1488 301 1653 341 Andro-

139 359 309 407 tionem,
338 359 659 405 Aristocratem,
684 358 978 404 Timocratem,
1005 357 1352 411 Aristogitonem,
1379 357 1527 396 harum
1555 373 1654 411 qua-

140 419 238 455 tuor
263 415 376 454 nulla
403 421 479 462 est,
509 429 614 468 qnae
646 418 813 453 nostrae
840 413 1039 453 anteferri
1068 414 1231 461 debeat,
1261 427 1343 452 una
1370 413 1651 462 Androtkma,

139 484 245 523 quae
274 485 367 510 cum
395 485 445 510 ea
472 471 523 509 de
551 470 641 509 loco
671 469 922 509 contendere
950 469 1097 522 possit.

197 525 291 565 Non
327 540 404 580 ego
440 526 591 572 omnia,
627 540 733 579 quae
769 525 811 564 in
847 540 895 565 ea
930 525 1110 577 placent,
1148 524 1228 563 huc
1265 538 1502 577 congeram,
1535 539 1652 577 prae-

136 582 315 621 monebo
346 587 500 630 tamen,
534 582 682 635 quibus
714 581 894 620 maxime
926 581 1049 619 rebus
1081 579 1344 633 praestantia
1374 579 1480 618 illius
1511 594 1653 621 cerna-

137 641 235 677 tur:
273 637 314 676 in
349 652 429 691 quo
463 652 545 677 non
581 642 670 677 tam
704 636 806 675 meis
838 641 936 675 utm·
970 650 1096 689 quam
1132 640 1320 674 veterum
1348 634 1526 687 judiciis.
1588 636 1651 676 Ac

139 693 318 745 primum
340 694 506 746 quidem
527 694 662 747 ipsum
685 706 816 746 genus
838 691 1000 730 dicendi
1022 695 1187 730 tantam
1208 690 1337 731 habet
1361 690 1649 740 subtilitatem,

136 748 205 787 vix
234 754 282 788 ut
310 750 512 802 majorem
540 763 727 802 usquam,
756 751 1052 800 praeterquam
1081 746 1122 785 in
1154 745 1289 799 Lysia,
1314 745 1383 798 qui
1412 750 1527 785 totus
1556 748 1650 786 sub-

135 804 220 844 tilis
247 810 322 853 est,
353 805 550 845 invenias,
613 804 740 857 Cujus
767 802 932 842 virtutis
961 802 1031 855 qui
1059 802 1143 841 vim
1170 806 1213 841 et
1239 801 1528 840 difficultatem
1556 816 1649 855 cog-

134 860 262 908 novit,
297 875 429 913 neque
462 860 606 903 nescit,
641 858 786 912 quanti
822 873 914 898 eam
949 862 1110 897 veteres
1142 856 1417 904 aestimarint,
1452 871 1649 910 magnum

133 930 233 955 sane
261 916 429 969 putabit
455 915 663 956 Ciceronis
690 914 987 961 testiinonium,
1010 912 1255 953 nominatim
1281 913 1388 952 hanc
1416 912 1648 953 orationem

132 972 185 1011 ab
217 971 294 1011 hac
329 976 449 1025 parte
481 971 732 1012 laudantish.
796 970 878 1009 Sed
909 969 977 1009 illa
1006 969 1139 1009 virtus
1172 982 1254 1007 non
1288 968 1365 1007 nisi
1397 969 1449 1008 ab
1482 982 1530 1007 eo
1562 969 1647 1008 ani-

130 1027 335 1067 madverti
372 1031 522 1081 potest,
559 1027 629 1081 qui
664 1027 788 1067 tritas
823 1025 1009 1065 notando
1044 1025 1214 1078 proprio
1250 1024 1449 1077 cujusque
1483 1025 1646 1077 generis
1660 1026 1714 1065 43

130 1097 232 1123 sono
262 1098 384 1124 aures
415 1084 565 1124 affert:
599 1088 644 1123 at
675 1082 895 1123 veritatem
925 1086 967 1122 et
997 1080 1348 1134 pulcln·itudine1n
1379 1084 1423 1120 et
1454 1080 1646 1121 nobilita-

130 1143 216 1179 tem
253 1140 556 1180 sententiarum
594 1139 721 1179 etiam
762 1138 968 1178 indoctior
1008 1137 1163 1177 sentiat
1199 1140 1379 1190 oportet.
1441 1136 1646 1176 Ornmtur

129 1200 271 1235 autem
297 1196 400 1236 haec
429 1210 479 1236 ex
507 1195 712 1235 communi
740 1195 854 1234 fonte
883 1208 1037 1241 eorum,
1061 1208 1166 1246 quae
1194 1192 1237 1231 in
1265 1192 1502 1245 eloquentia
1530 1207 1644 1232 max-

129 1250 210 1291 ime
244 1251 439 1299 eminent,
472 1251 611 1291 animo
645 1255 797 1298 erecto,
829 1250 989 1289 liberali
1020 1254 1063 1289 et
1096 1264 1156 1297 ea,
1190 1263 1295 1301 quae
1326 1248 1471 1301 vulgus
1506 1249 1646 1301 ampla

130 1307 257 1353 ducit,
296 1312 616 1347 contemnente:
659 1307 701 1345 id
732 1307 842 1359 quod
873 1305 1060 1359 inprimis
1091 1320 1142 1344 ex
1173 1304 1222 1343 iis
1252 1303 1351 1343 locis
1384 1303 1642 1357 intelligitur,

129 1363 198 1402 ubi
237 1363 393 1403 Orator
433 1363 701 1403 sanctitatem
742 1361 839 1401 fidei
879 1366 1007 1414 atque
1043 1361 1242 1399 honorem
1283 1359 1457 1412 reipubl.
1494 1360 1644 1399 ceteris

127 1418 361 1459 rationibus
402 1419 592 1458 omnibus
639 1417 976 1471 anteponendam
1018 1431 1106 1456 esse
1147 1416 1282 1455 docet.
1364 1415 1505 1467 Hujus
1547 1429 1643 1454 vero

127 1474 344 1514 doctrinae
377 1475 516 1514 omnia
548 1474 616 1514 hic
650 1474 772 1528 plena
805 1477 914 1521 sunt,
947 1473 1001 1512 ad
1034 1486 1220 1526 eamque,
1254 1470 1454 1525 quidquid
1487 1471 1643 1523 profer-

126 1535 208 1578 tur,
245 1530 483 1571 revolvitur,
545 1531 812 1583 Quapropter
846 1543 928 1568 non
964 1529 1116 1567 mirum
1152 1532 1228 1573 est,
1264 1527 1375 1581 quod
1410 1526 1642 1566 orationem

125 1586 274 1626 eximie
300 1587 503 1640 placuisse
530 1586 703 1640 legimus
731 1584 949 1632 PanaetiO,
974 1583 1128 1632 Stoico,
1155 1583 1311 1623 scilicet
1340 1596 1462 1636 quem
1490 1582 1542 1622 ad
1571 1582 1642 1622 ho-

124 1646 332 1682 nestatem
363 1658 413 1682 ex
446 1642 680 1696 praeceptis
714 1640 955 1694 disciplinae
992 1655 1090 1680 suae
1122 1639 1262 1679 omnia
1294 1638 1497 1685 retulisse,
1529 1637 1641 1678 illam

125 1698 167 1737 in
192 1698 302 1738 omni
332 1698 508 1746 actione,
531 1699 659 1739 etiam
687 1700 947 1751 repugnante
968 1696 1166 1743 utilitate,
1190 1694 1444 1747 sequendam
1470 1698 1642 1746 putasse

124 1759 321 1794 constat¹.

181 1810 281 1850 Jam
309 1825 406 1850 vero
436 1815 595 1863 quanta
622 1809 682 1850 vis
711 1813 754 1849 et
783 1808 968 1863 gravitas
998 1807 1108 1847 inest
1137 1806 1409 1860 argumentis,
1437 1805 1587 1858 quibus
1615 1803 1709 1845 a44

124 1866 408 1906 Demosthene
433 1865 673 1906 adversaria
694 1865 803 1906 ratio
828 1863 1029 1903 refellitur
1050 1866 1056 1902 !
1093 1862 1359 1903 Commotum
1379 1865 1423 1901 te
1449 1861 1638 1909 sentires,

123 1922 156 1962 si
184 1923 344 1976 judices
381 1937 463 1961 non
499 1922 727 1962 secundum
759 1921 867 1960 hune
904 1918 1197 1966 decrevissent,
1230 1917 1477 1970 praesertim
1511 1931 1640 1970 quum

121 1978 375 2032 gravitatem
410 1978 521 2018 illam
556 1977 709 2031 ubique
748 1990 901 2029 magna
937 1975 979 2014 in
1014 1974 1239 2014 refellendo
1274 1973 1447 2013 lenitate
1483 1977 1639 2026 tempe-

121 2034 239 2074 rarit.
304 2034 353 2073 Id
379 2034 489 2087 quod
517 2033 782 2073 mirabuntur
808 2035 987 2071 fortasse
1015 2030 1055 2078 ii,
1077 2030 1146 2083 qui
1175 2030 1410 2075 audierunt,
1438 2043 1525 2068 rem
1553 2029 1637 2068 rari

121 2091 234 2143 apud
264 2090 373 2129 hunc
406 2090 584 2143 exempli
615 2103 717 2129 esse.
779 2088 861 2127 Sed
892 2091 1115 2135 oratorem,
1148 2086 1217 2140 qui
1251 2085 1351 2124 nihil
1384 2085 1636 2131 indecorum,

121 2146 223 2185 nihil
258 2146 437 2186 alienum
473 2160 498 2185 a
530 2151 719 2199 tempore
755 2143 889 2183 moliri
927 2146 1160 2189 consuerat,
1198 2141 1279 2181 alia
1315 2155 1423 2180 nunc
1458 2141 1638 2180 fortasse

121 2202 177 2242 ad
203 2202 533 2242 moderationem
563 2206 607 2241 et
636 2200 851 2241 lenitatem
881 2199 1048 2239 flectere
1075 2197 1347 2252 potueruntk,
1375 2202 1417 2236 et
1445 2211 1541 2236 vero
1570 2197 1638 2236 de—

915 2324 1079 2355 Παναίτιος
1107 2326 1122 2355 ὁ
1153 2322 1330 2363 φιλόσοφος
1362 2322 1411 2353 καὶ
1442 2324 1505 2352 τῶν
1533 2321 1639 2360 λόγων

164 2327 184 2351 h
207 2329 298 2359 Orat.
326 2330 364 2359 ad
394 2329 442 2358 M.
461 2329 554 2359 Brut.
579 2338 605 2358 c.
631 2337 682 2365 31.
718 2328 848 2357 Illnlcae

914 2369 1009 2398 αὐτοῦ
1033 2367 1129 2406 φησὶν
1152 2367 1231 2396 οὕτω
1254 2363 1430 2405 γεγράφθαι
1454 2364 1526 2395 τοὺς
1548 2364 1638 2394 πλεί-

121 2376 196 2401 sunl
225 2372 444 2402 Demosthenis
471 2376 552 2401 totae
584 2372 749 2401 Orationes
773 2370 846 2398 sul)-

122 2415 200 2451 tHes,
223 2419 259 2443 uc
282 2419 389 2443 contra
414 2415 602 2453 Leptinem:
627 2413 744 2442 multae
767 2416 848 2441 totae

119 2466 243 2494 graves,
259 2460 295 2485 ut
310 2457 463 2494 quaedam
480 2457 682 2494 Philippicae
697 2466 706 2483 .-
731 2456 847 2483 multae

121 2500 242 2535 variae,
265 2502 301 2527 ut
327 2502 437 2527 contra
464 2499 651 2527 Aeschinem
670 2497 778 2533 falsae
803 2498 845 2526 le-

118 2541 256 2579 yatiom's
270 2553 281 2575 ‚·
310 2544 346 2569 ut
369 2544 478 2569 contra
500 2541 632 2569 eundem
652 2549 712 2577 pro
735 2549 846 2568 caussa

121 2583 346 2621 Ctesiphontis.
402 2582 451 2612 De
481 2581 655 2611 subtilitate
684 2581 846 2617 orationis,

122 2635 218 2664 quam
236 2624 347 2655 Graeci
370 2624 481 2654 dicunt
496 2622 582 2661 λέξιν
600 2621 702 2660 λιτήν,
719 2621 845 2661 ἰσχνὴν,

122 2666 236 2705 ἀφελῆ,
263 2667 419 2697 videndus
446 2677 464 2696 a
492 2667 595 2696 tirone
626 2665 708 2704 inpr.
737 2665 846 2694 Cicero

122 2710 214 2739 Orat.
237 2719 263 2739 c.
283 2718 332 2746 23·
354 2719 437 2748 seqq.
454 2709 504 2738 vel
526 2709 654 2738 Ernest.
676 2707 751 2736 Init.
774 2706 845 2736 rhe-

121 2758 180 2782 tor.
206 2754 232 2789 ξ.
257 2758 331 2791 397.
355 2751 409 2790 qui
435 2761 493 2781 sua
521 2751 629 2780 omnia
652 2759 672 2779 a
697 2749 846 2779 Cicerone

293 2793 439 2823 Fuerunt
465 2793 550 2831 olim,
575 2793 628 2831 qni
658 2792 690 2821 in
720 2801 757 2821 ea
782 2791 846 2821 sola

747 2833 844 2863 Tanti

121 2801 265 2866 ffirtrigiitin
295 2836 507 2866 characterem
534 2840 698 2873 ponerent.

122 2888 171 2908 res
190 2878 368 2908 videbatur.

165 2918 174 2942 i
201 2920 363 2950 Plutarch.
390 2921 423 2949 in
455 2918 623 2950 Demosth.
656 2929 685 2958 p.
716 2918 776 2957 852
801 2918 843 2947 A.

915 2422 1021 2444 στους,
1047 2411 1086 2440 ὡς
1108 2408 1204 2447 μόνον
1226 2410 1282 2438 τοῦ
1306 2409 1403 2438 καλοῦ
1427 2408 1463 2436 δι’
1487 2407 1562 2437 αὑτὸ
1591 2407 1637 2436 αἵ-

913 2454 1004 2492 ρετοῦ
1027 2451 1126 2489 ὄντος,
1146 2451 1202 2481 τὸν
1224 2451 1292 2490 περὶ
1315 2451 1372 2480 τοῦ
1395 2448 1565 2488 στεφάνου,
1581 2449 1638 2479 τὸν

914 2495 994 2525 κατὰ
1016 2492 1285 2534 Ἀριστοκράτους,
1308 2493 1374 2522 τὸν
1400 2490 1487 2530 ὑπὲρ
1510 2493 1581 2521 τῶν
1605 2491 1639 2521 ἆ-

913 2539 1083 2575 τελειῶν,
1110 2536 1183 2566 τοὺς
1209 2533 1422 2565 Φιλιππικούς·
1452 2535 1485 2563 ἐν
1507 2532 1552 2563 οἷς
1578 2534 1636 2562 πᾶ-

915 2589 965 2609 σιν
988 2579 1023 2609 οὐ
1045 2579 1119 2618 πρὸς
1141 2578 1177 2608 τὸ
1205 2578 1333 2614 ἥδιστον
1356 2576 1376 2612 ἢ
1398 2577 1515 2615 ῥᾷστον
1539 2575 1558 2611 ἢ
1583 2580 1638 2604 λυ-

915 2620 1146 2651 σιτελέστατον
1177 2619 1246 2657 ἄγει
1276 2618 1348 2649 τοὺς
1377 2617 1521 2656 πολίτας,
1551 2617 1638 2647 ἀλλὰ

913 2664 1082 2701 πολλαχοῦ
1100 2662 1159 2697 τὴν
1182 2659 1357 2699 ἀσφάλειαν
1381 2660 1430 2690 καὶ
1454 2659 1514 2695 τὴν
1533 2669 1635 2695 σωτη-

912 2705 981 2744 ρίαν
1011 2705 1107 2734 eierat
1145 2704 1207 2733 δεῖν
1239 2704 1272 2733 ἐν
1309 2702 1436 2741 δευτέρᾳ
1465 2700 1550 2740 τάξει
1580 2703 1637 2732 τοῦ

913 2748 1012 2777 καλοῦ
1031 2747 1183 2776 ποιεῖσθαι
1205 2745 1254 2775 καὶ
1274 2746 1331 2775 τοῦ
1351 2742 1531 2783 πρέποντος.

956 2788 973 2811 k
1002 2789 1100 2818 Verbi
1127 2798 1247 2825 caussa,
1276 2788 1359 2826 quod
1386 2787 1537 2826 Leptines
1563 2796 1636 2816 reus

913 2842 977 2861 non
1004 2837 1083 2861 erat.
1131 2831 1200 2860 Hoc
1225 2830 1300 2869 quid
1328 2830 1379 2868 sit,
1404 2834 1510 2868 postea
1535 2828 1634 2867 expli-

913 2875 999 2903 cabo.
1071 2873 1178 2910 [Conf.
1218 2877 1283 2902 not.
1322 2873 1361 2902 ad
1399 2882 1429 2911 p.
1468 2879 1545 2911 479,
1586 2880 1632 2909 17.
