1997 3256
501 148 824 190 ADVERSUS
857 148 1277 191 TIMOORATEM.
1533 148 1642 189 1011

187 255 284 308 763,
302 266 365 293 12.
391 254 514 304 ἐστὶν]
552 253 680 294 Soror
702 254 951 295 Tilnocratis
972 259 1088 309 puta.
1130 253 1328 294 REISK.

187 312 279 364 763,
300 323 362 363 13.
388 309 444 349 ἐπ’
461 311 653 366 ἐξαγωγῇ]
681 310 736 351 ἐπ’
756 313 931 366 ἐξαγωγῇ
955 311 1119 351 ἀπέδοτο
1140 326 1179 364 p.
1202 312 1296 363 787,
1313 311 1350 351 8.
1396 309 1646 350 Herodotus

127 378 169 421 5,
192 368 229 406 6.
252 369 426 406 πωλεῦσι
448 369 494 406 τὰ
516 367 632 407 τέκνα
654 366 711 407 ἐπ’
732 367 925 419 ἐξαγωγῇ.
969 367 1220 408 SCHAEF.

189 424 289 473 φησὶ
322 424 516 476 μὲν--τῷ
555 424 670 476 ἔργῳ]
711 423 900 463 Advorte
935 423 1164 463 chiasmum
1200 422 1386 462 nonnihil
1421 425 1647 476 augentem

126 479 290 532 pondus
321 478 535 520 orationis.
584 479 783 531 Vulgaris
814 480 917 520 ordo
946 480 1188 519 verborum:
1223 481 1320 532 φησὶ
1349 481 1422 530 μὲν
1453 481 1644 525 ἐκδοῦναι,

127 538 178 590 τῷ
201 534 230 575 δ’
247 535 347 589 ἔργῳ
368 536 553 587 πέπρακε.
597 536 704 576 SCH
714 536 848 576 AEF.

184 592 279 643 763,
304 602 370 645 25.
404 596 557 643 πρῶτον
587 594 661 642 μὲν
691 593 741 634 ὡς
772 593 939 643 ἀληθῶς]
975 591 1124 632 Malim
1155 594 1309 642 πρῶτον
1338 591 1412 641 μὲν
1440 591 1564 641 μόνον
1595 591 1646 633 ὣς

127 649 292 697 ἀληθῶς.
358 648 466 688 Nam
488 648 527 687 in
549 648 617 688 illo
638 649 760 698 μόνον
782 653 875 688 tota
895 648 955 688 vis
977 646 1352 702 argumentationis
1380 646 1643 687 continetur:

126 702 227 743 illud
259 704 308 746 ὡς
339 705 490 755 ἀληθῶς
519 705 636 745 labat
668 709 711 745 et
741 705 963 744 redundat.
1008 704 1132 744 solam,
1159 702 1287 751 illum,
1310 702 1345 742 si
1371 716 1508 743 verum
1535 702 1645 742 υοῖιι-

126 774 223 809 mus,
242 760 399 812 ι’]ζίῑινῖα
420 761 553 813 (cffi'cz't,
576 761 617 801 in
638 775 748 816 quem
759 762 869 814 forte
878 761 1053 814 fortuna
1073 759 1229 800 'incidie
1293 758 1482 813 Opponit
1502 763 1647 799 orator

127 816 209 856 duo
245 816 408 857 divorsa
443 832 597 871 genera
636 817 889 872 patientium
929 815 1115 870 injurias,
1147 815 1332 869 privatos
1364 815 1568 869 quosdam
1602 819 1647 855 et

125 872 289 926 publico
310 888 463 914 omncs.
527 874 662 914 Latro
685 880 728 914 et
747 873 1064 914 manticularius
1094 871 1279 927 singulos
1309 871 1452 920 laedit,
1476 871 1542 912 lex
1572 871 1647 911 im-

126 930 259 982 proba
287 944 454 970 omnes:
488 930 554 970 ille
585 930 796 984 privatum
826 931 936 970 hunc
957 929 1019 970 vel
1050 928 1174 976 illum,
1204 928 1245 968 in
1268 943 1391 982 quem
1420 928 1531 968 mala
1561 928 1646 968 fors

127 999 220 1025 eum
243 986 388 1035 defert,
411 986 512 1026 haec
534 991 670 1027 totam
691 987 916 1027 civitatem.
965 986 1082 1026 Voce
1101 988 1224 1036 μόνον
1246 985 1279 1025 si
1301 984 1366 1024 hic
1388 999 1532 1025 carere
1552 998 1647 1038 pos-

127 1056 280 1090 sumus,
307 1042 536 1096 poterimus
568 1043 669 1083 item
690 1059 726 1084 v.
754 1054 819 1096 27.
843 1057 892 1084 ea
911 1056 1068 1083 carere.
1132 1041 1297 1082 Inutilis
1328 1056 1378 1082 ea
1407 1041 1441 1081 si
1471 1041 1538 1080 hic
1569 1045 1645 1091 est,

127 1098 207 1138 erit
240 1098 367 1139 etiam
402 1098 472 1139 ibi.
536 1100 618 1140 Sed
655 1100 688 1139 si
726 1100 781 1140 ibi
815 1105 960 1140 orator
995 1114 1087 1139 eam
1119 1097 1398 1139 necessariam
1428 1097 1647 1152 judicavit,

127 1154 291 1195 videtur
321 1170 404 1195 non
434 1156 729 1196 connnissurus
758 1156 884 1196 fuisse
914 1162 962 1196 ut
993 1155 1059 1196 hic
1091 1155 1414 1196 desideraretur.
1449 1153 1645 1194 REISK.

128 1211 223 1251 Non
258 1213 496 1265 persuadet.
542 1213 610 1253 τὸν
636 1212 831 1265 ἐντυχόντ’
856 1227 951 1253 cum
986 1216 1086 1252 tono
1117 1212 1229 1252 vocis
1263 1210 1643 1266 pronuntiandum:

128 1267 197 1320 qui
227 1272 352 1308 tonus
379 1268 466 1309 vice
496 1269 685 1324 fungitur
711 1269 898 1310 vocabuli
926 1269 1037 1323 quod
1064 1268 1257 1308 Reiskius
1287 1267 1479 1309 additum
1502 1266 1646 1308 voluit.

129 1324 381 1365 SOHAEF.

187 1382 281 1433 764,
306 1393 342 1431 7.
365 1382 481 1431 ἡλίκα
501 1382 710 1434 πράγματα
732 1381 994 1433 συσκευάσας]
1034 1380 1185 1432 Quanti
1210 1394 1270 1422 res
1294 1379 1476 1421 momenti
1499 1379 1646 1421 machi-

126 1443 257 1477 omncs.
296 1437 547 1478 SOHAEF.

186 1495 280 1546 764,
301 1506 364 1533 10.
394 1496 452 1534 ὅτι
479 1494 635 1541 πάντες,
663 1495 759 1534 ὅταν
783 1510 858 1533 που
890 1494 1149 1535 καταλύοντες
1175 1492 1246 1533 τὸν
1272 1495 1393 1543 δῆμον
1417 1491 1647 1544 πράγμασιν

129 1551 335 1602 ἐγχειρῶσι
366 1551 580 1603 νεωτέροις,
603 1553 715 1590 τοῦτο
737 1551 907 1601 ποιοῦσι]
945 1549 1012 1589 Sic
1037 1563 1146 1589 nunc
1175 1563 1226 1589 ex
1250 1548 1291 1589 S.
1356 1548 1573 1600 Quomodo
1604 1552 1647 1588 et

129 1607 340 1647 sententia
369 1607 418 1647 fit
447 1606 666 1662 generaliS,
694 1611 736 1647 et
760 1606 899 1660 aptius
926 1606 1162 1660 junguntur
1183 1619 1289 1659 quae
1315 1604 1435 1659 jungi
1462 1608 1645 1658 oportet.

128 1680 214 1709 που,
238 1662 399 1712 alicubi,
427 1678 509 1703 non
539 1663 633 1703 solis
662 1662 858 1710 Athenis,
881 1663 954 1702 sed
981 1662 1022 1701 in
1045 1661 1233 1716 qualibet
1262 1662 1381 1711 urbe,
1406 1661 1477 1701 ubi
1507 1674 1647 1701 rerum

129 1734 290 1760 summa
311 1725 375 1760 est
396 1735 523 1773 penes
544 1719 755 1774 populum.
798 1718 1048 1759 SGHAEF.

187 1777 281 1827 764,
302 1789 362 1817 12.
384 1778 533 1817 ἔλυσαν
550 1775 825 1827 εἱρκτῆς-τὴν
841 1776 964 1826 δίκην]
996 1774 1248 1828 Refringunt
1269 1787 1469 1823 carceres,
1484 1772 1647 1813 vinctos

129 1832 306 1881 solvunt,
322 1833 544 1873 damnatos
565 1833 745 1872 liberant
767 1846 919 1885 eosque
941 1845 1083 1871 omnes
1105 1830 1237 1871 socios
1259 1831 1506 1884 adjungunt.
1551 1829 1647 1870 Hoc

129 1894 194 1929 est
225 1889 324 1928 illud
354 1894 507 1939 πρῶτον
539 1889 733 1935 ἁπάντων,
762 1888 813 1928 de
840 1903 921 1943 quo
953 1888 1020 1927 hic
1050 1887 1204 1942 agitur.
1269 1888 1303 1926 F
1308 1887 1473 1927 identer
1504 1886 1648 1940 itaque

129 1945 336 1986 rescribo:
376 1946 524 1986 ἔλυσαν
555 1949 725 1996 δεσμοῦ
762 1945 866 1986 τοὺς
901 1946 1091 1996 πρότερον
1126 1945 1230 1997 νόμῳ
1262 1942 1307 1983 δι’
1337 1944 1529 1994 ἁμαρτίαν
1560 1945 1648 1983 τινὰ

129 2003 270 2052 ταύτην
290 2002 549 2055 ὑπέχοντας
568 2002 638 2052 τὴν
655 2003 773 2051 δίκην.
805 2000 1002 2041 JURIN.
1065 2000 1197 2041 Recte
1218 1999 1544 2054 interpretatur:
1575 1998 1648 2039 sed

129 2058 276 2099 addito
298 2061 443 2110 δεσμοῦ
465 2073 568 2112 opus
589 2073 671 2098 non
693 2062 770 2098 est.

188 2116 283 2166 764,
304 2129 365 2165 14.
401 2115 446 2155 οὐ
479 2115 780 2166 δήπου-ὑμᾶς]
818 2114 897 2165 Qui
933 2127 1067 2168 neque
1102 2112 1137 2153 is
1174 2113 1241 2162 sit,
1270 2112 1341 2167 qui
1377 2111 1462 2152 suis
1492 2111 1648 2152 viribus

130 2172 361 2226 opibusque
390 2171 571 2226 propriis
601 2171 700 2212 solis
731 2172 863 2211 fretus
893 2184 1024 2224 remp.
1048 2174 1223 2219 evertat,
1250 2183 1383 2223 neque
1413 2168 1534 2209 facile
1564 2167 1649 2208 cui-

130 2243 256 2282 quam
277 2228 311 2268 is
333 2228 524 2269 videatur
545 2243 647 2269 esse.
691 2227 885 2268 REISK.

190 2287 287 2337 764,
311 2296 374 2339 25.
397 2287 618 2337 παρελθὼν]
655 2284 953 2339 Superveniens.
999 2281 1248 2323 SOHAEF.

190 2343 242 2395 76
246 2352 285 2396 5,
307 2355 368 2380 11.
398 2345 463 2391 τῆς
492 2343 662 2394 πόλεως]
703 2340 760 2380 H.
782 2340 807 2380 l.
839 2354 922 2379 non
954 2344 1020 2380 est
1051 2338 1328 2387 Athenarum,
1360 2337 1433 2377 sed
1466 2335 1649 2377 civitatis

131 2399 343 2452 cujusque.
378 2398 573 2438 REISK.
634 2396 751 2438 Conf.
775 2412 815 2450 p.
839 2397 933 2449 766,
955 2409 995 2446 4.
1040 2393 1290 2435 SOHAEF.

191 2457 285 2509 765,
309 2465 370 2509 15.
394 2455 634 2506 φιλοτιμίας]
667 2453 841 2493 Decoris.
886 2451 1135 2493 SCHAEF.

191 2513 285 2566 765,
308 2523 370 2563 17.
393 2511 461 2550 οὐκ
483 2511 530 2550 ἂν
552 2511 710 2563 ἔχοντες
732 2511 870 2560 εἰπεῖν]
910 2507 1098 2549 Subaudi
1119 2505 1273 2547 etiamsi
1293 2504 1423 2546 velitis
1443 2518 1477 2544 S.
1503 2503 1539 2544 si
1559 2502 1651 2557 quis

130 2582 194 2609 vos
213 2569 434 2621 interrepet.
477 2566 728 2607 SCHAEF.

195 2624 413 2676 οὐδετέρου]
464 2623 577 2662 Nihil
611 2638 710 2677 ergo
746 2620 962 2675 praestitit
997 2620 1093 2660 Solo
1128 2621 1376 2672 recuperata
1412 2615 1650 2657 Salamine?

135 2680 330 2721 WOLF.
393 2680 532 2734 Hujus
553 2679 653 2720 facti
674 2678 807 2733 gloria
828 2677 958 2717 totius
981 2675 1162 2716 civitatis
1185 2672 1425 2721 communis,
1447 2686 1531 2712 non
1555 2685 1649 2725 pro-

132 2737 224 2791 pria
244 2736 405 2777 Solonis
426 2737 687 2777 habebatur:
718 2734 985 2787 loquiturque
1005 2732 1072 2772 hic
1094 2736 1237 2772 orator
1252 2734 1301 2770 ut
1322 2729 1499 2770 decebat
1514 2727 1649 2768 Athe-

133 2793 332 2834 niensem.
376 2792 630 2834 SCHAEF.

192 2851 287 2903 765,
310 2862 372 2901 19.
404 2850 658 2899 ὑπεναντίως]
705 2846 818 2887 Male
849 2844 948 2886 alibi
978 2843 1071 2884 libri
1101 2843 1366 2883 ὑπεναντίους.
1425 2839 1521 2879 Non
1551 2838 1650 2893 loyes

132 2906 217 2946 illis
237 2905 416 2960 antiquis
441 2906 652 2960 oppositas,
676 2903 787 2957 quod
816 2916 900 2942 non
929 2906 1022 2942 erat
1042 2899 1232 2947 vetitum,
1254 2898 1287 2938 si
1314 2897 1395 2938 rite
1419 2895 1550 2945 fieret,
1576 2894 1650 2935 sed

135 2961 334 3003 contrario
355 2962 478 3003 modo.
521 2960 770 3003 SGHAEF.
926 3015 952 3053 2

841 3029 862 3053 E
883 3029 904 3054 0
