1997 3256
697 164 758 203 IN
792 164 1042 203 MIDIAM.
1542 165 1625 207 759

113 267 250 304 totum
271 267 398 317 atque
419 263 627 318 integrum
655 268 967 304 sacrosanctum
990 278 1078 303 csse
1101 262 1275 303 voluisse
1296 279 1302 302 :
1336 266 1384 302 nt
1404 276 1487 302 non
1512 267 1624 302 esset

112 334 186 359 cur
211 324 354 373 partes
381 334 522 360 eorum
553 320 755 373 quasdam
786 320 1033 365 nominaret,
1064 334 1191 372 quum
1221 319 1332 358 nulla
1362 323 1471 358 essct
1499 333 1624 372 quam

112 390 194 415 non
222 375 394 429 intelligi
422 376 554 416 vellet.
619 376 747 416 Velut
776 376 925 415 croniis
953 376 1018 415 lex
1047 381 1150 423 crat,
1180 374 1262 424 μήτ’
1292 376 1366 428 ἰδίᾳ
1393 375 1487 424 μήτε
1516 377 1624 428 κοινῇ

110 433 230 482 μηδὲν
252 431 450 481 ἀλλήλους
475 433 619 471 ἀδικεῖν
642 434 684 472 ἐν
704 433 823 485 τούτῳ
845 435 895 486 τῷ
918 433 1046 485 χρόνῳ
1070 432 1211 484 (Dein.
1234 445 1294 469 or.
1321 442 1385 480 24.
1406 445 1445 483 p.
1471 429 1623 483 709¹.).

113 487 273 527 Deinde
295 502 418 540 quam
435 488 740 528 Demosthenes
762 487 931 527 recitari
949 488 1083 540 jubet,
1107 487 1185 525 nisi
1207 486 1473 525 vehementer
1493 486 1623 533 fallor,

112 543 363 597 Dionysiaca
398 544 464 583 lex
497 549 572 589 ost,
605 543 732 597 priori
764 544 814 583 de
847 543 1030 596 probolis
1064 541 1324 594 Dionysiacis
1355 541 1553 581 continua
1584 543 1623 592 (ὁ

113 598 201 649 ἑξῆς
232 600 384 650 νόμος),
409 614 541 652 neque
572 600 696 639 aliam
726 599 958 653 significare
989 602 1129 651 potest
1160 597 1267 637 infra
1296 612 1336 650 p.
1358 608 1456 649 571.
1488 597 1625 636 verbis

112 655 177 694 ὅδε
199 657 219 693 ὁ
241 656 328 705 περὶ
349 659 424 694 τῶν
448 657 681 695 Διονυσίων.
734 656 795 694 At
816 654 849 693 si
875 654 963 694 sola
988 653 1190 706 Dionysia
1210 653 1430 705 spectabat
1451 652 1531 700 lex,
1554 652 1623 705 qui

110 710 282 750 tandem
317 711 366 751 fit
401 716 449 750 ut
488 710 768 750 immisceatur
802 711 956 749 festum
995 709 1163 748 minime
1201 707 1510 761 Dionysiacum,
1553 708 1626 747 sed

112 766 319 819 Apollinis
355 772 397 806 et
431 766 607 814 Dianae,
645 765 900 819 Thargelia?
941 765 999 803 Et
1033 765 1136 804 haec
1172 778 1299 817 quum
1336 763 1624 817 Thargelione,

111 836 250 861 mense
282 822 510 866 undecimoq
541 822 862 868 celebrarentur,
893 820 992 873 quid
1020 824 1085 860 est
1114 820 1225 873 quod
1255 819 1452 873 probolae
1483 833 1626 859 eorum

112 892 276 930 quoque
312 892 462 918 caussa
497 877 778 917 instituendae
814 876 963 916 deferri
992 876 1196 929 jubentur
1227 875 1269 914 in
1301 875 1497 915 concione
1532 889 1627 915 con-

111 933 230 973 tinuo
251 938 346 986 post
367 947 519 987 magna
540 933 748 973 Liberalia
769 932 810 971 in
826 932 996 972 theatro
1018 932 1211 972 habenda
1230 933 1293 983 (ἐι)
1309 933 1353 982 τῇ
1376 932 1561 985 ἐκκλησίᾳ
1581 934 1627 986 τῇ

112 990 156 1028 ἐν
184 991 396 1036 Διονύσου,
426 990 475 1028 cf.
506 990 669 1043 Q.1o.)‚
693 989 733 1028 11.
761 1003 797 1028 e.
825 993 1004 1028 exeunte
1031 1002 1173 1027 mense
1200 1001 1322 1035 nono,
1345 987 1488 1040 itaque
1515 1002 1626 1027 anno

110 1044 313 1098 proximo,
337 1045 497 1085 decimo
519 1045 684 1084 demum
710 1050 806 1098 post
828 1044 1092 1084 commissum
1114 1044 1250 1097 ipsum
1278 1043 1434 1083 crimen
1458 1045 1627 1084 mense?

110 1100 292 1140 Accedit
327 1101 381 1141 ad
415 1101 605 1141 fraudem
640 1101 916 1155 detegendam
957 1100 1070 1140 aliud
1106 1100 1220 1140 haud
1260 1099 1396 1139 minus
1431 1099 1626 1139 idoneum

111 1156 448 1201 instrumentum„
484 1157 724 1197 Piraeensia
755 1156 957 1210 Dionysia
987 1156 1091 1205 dico,
1125 1170 1230 1209 quae
1260 1156 1371 1196 bona
1401 1155 1483 1195 fide
1514 1155 1627 1196 docti

110 1212 298 1252 homines
325 1213 420 1252 hinc
448 1213 502 1253 ab
530 1213 757 1267 impostore
786 1212 917 1267 ingeri
947 1212 1026 1252 sibi
1055 1212 1165 1266 passi
1195 1216 1305 1252 sunt.
1368 1212 1449 1251 Sed
1474 1212 1576 1251 haec
1601 1226 1627 1252 a

109 1269 250 1322 parvis
271 1268 356 1309 sive
383 1269 591 1309 ruralibus
615 1269 824 1322 Dionysiis
852 1283 933 1308 non
956 1268 1119 1308 diversa
1141 1283 1229 1308 esse
1252 1268 1341 1321 jam
1363 1267 1628 1321 Spaldingius

110 1324 327 1365 intellexit.
390 1325 557 1366 Scilicet
589 1325 659 1366 illa
689 1340 772 1365 non
802 1339 885 1364 uno
916 1325 1018 1373 loco,
1051 1325 1122 1365 sed
1154 1325 1308 1378 ubique
1337 1324 1523 1363 locorum
1554 1338 1633 1377 per*

110 1384 247 1421 totam
278 1381 471 1422 Atticam
501 1381 724 1434 quotannis
757 1381 968 1421 celebrata
999 1395 1088 1420 esse
1124 1380 1235 1420 inter
1269 1394 1411 1420 omnes
1444 1384 1626 1420 constat.

111 1435 224 1477 Hinc
252 1437 454 1491 Dionysia
478 1437 680 1477 habemus
703 1437 862 1490 Phylae
891 1437 1018 1490 (Isae.
1047 1451 1107 1476 or.
1133 1438 1169 1476 8.
1197 1451 1237 1490 p.
1259 1446 1325 1487 70,
1351 1437 1454 1487 24),
1477 1435 1627 1488 Collyti

113 1493 288 1544 (Aesch.
307 1507 340 1532 1.
360 1509 399 1546 p.
416 1506 480 1542 22,
500 1496 563 1535 26.
587 1493 707 1533 Dein.
726 1508 764 1546 p.
785 1493 877 1540 288,
896 1494 992 1545 19.),
1012 1492 1220 1533 Salamine
1237 1493 1381 1546 (Corp.
1403 1492 1534 1532 Inscr.
1555 1492 1628 1532 Gr.

112 1548 145 1588 I.
167 1563 233 1588 no.
262 1550 374 1599 108.)
398 1550 634 1590 celebrata:
670 1549 835 1589 Thorici
861 1563 1025 1603 quoque
1054 1549 1255 1589 celebrari
1283 1562 1372 1588 esse
1398 1548 1522 1588 solita
1544 1552 1628 1588 tes-

110 1609 258 1645 tantur
296 1605 492 1659 reliquiae
532 1605 689 1646 theatri
730 1605 963 1658 descriptae
1004 1620 1029 1645 a
1068 1605 1228 1645 Leakio
1269 1605 1332 1644 die
1366 1605 1517 1644 Demea
1556 1617 1631 1644 von

109 1662 254 1701 Attika
284 1677 324 1715 p.
351 1665 418 1716 58.
451 1662 514 1702 ed.
546 1667 693 1709 nostr.7
721 1661 762 1700 in
795 1661 983 1701 Piraeeo
1007 1661 1186 1714 denique
1215 1665 1384 1714 praeter
1414 1660 1630 1700 theatrum

110 1717 326 1771 inscriptio
349 1719 394 1758 U.
414 1718 448 1758 I.
470 1732 537 1758 no.
561 1731 650 1757 101.
677 1718 745 1770 (cf,
772 1719 881 1768 102.)
906 1722 948 1757 et
970 1717 1134 1757 Aelian.
1156 1732 1240 1757 var.
1264 1716 1360 1757 hist.
1386 1729 1422 1764 2,
1446 1730 1508 1769 13.
1565 1716 1627 1757 Of.

111 1773 310 1814 Boeckhii
336 1788 482 1814 comm.
505 1789 545 1827 p.
568 1785 623 1828 75
644 1788 704 1827 sq.
769 1774 852 1814 Sed
873 1773 968 1814 hinc
997 1788 1080 1813 non
1106 1773 1211 1813 effici
1234 1772 1471 1825 Phlyensia‚
1496 1772 1629 1826 Colly-

109 1829 257 1877 tensia,
292 1830 528 1878 Salaminia,
562 1829 842 1878 Thoricensia,
876 1829 1120 1870 Piraeensia
1151 1829 1366 1883 Dionysia,
1400 1842 1506 1882 quae
1536 1842 1633 1868 cum

112 1885 304 1934 Lenaeis,
339 1886 637 1935 Anthesteriis,
669 1885 839 1926 urbanis
872 1886 1061 1939 componi
1093 1885 1267 1939 possint,
1300 1889 1448 1938 sponte
1480 1884 1631 1924 intelli-

109 1941 224 1996 gitur
244 1958 252 1982 :
285 1942 350 1982 his
371 1943 481 1982 enim
506 1957 589 1982 non
609 1943 865 1995 respondent
886 1942 964 1981 nisi
987 1956 1068 1981 uno
1094 1941 1259 1981 nomine
1281 1940 1498 1980 Ruralium
1520 1955 1629 1979 com-

109 1998 329 2051 prehensa.
390 1999 485 2038 Non
512 2003 651 2038 movet
678 2013 756 2046 me,
780 1998 890 2051 quod
920 1997 1155 2037 Boeckhius
1183 1997 1208 2036 l.
1231 1997 1256 2037 1.
1279 2012 1320 2050 p.
1342 2008 1392 2049 75
1425 2001 1468 2036 et
1498 1998 1547 2049 83
1579 2011 1631 2036 ex

110 2058 255 2094 nostro
278 2055 443 2094 demum
464 2055 556 2095 loco
578 2060 620 2094 et
642 2068 692 2094 ex
718 2054 1000 2107 inscriptionis
1025 2053 1200 2107 alicujus
1221 2053 1392 2093 mutilae
1418 2052 1480 2104 (C.
1506 2052 1539 2092 I.
1563 2066 1630 2092 no.

116 2114 210 2163 157)
235 2111 347 2150 haud
376 2125 546 2164 prorsus
576 2115 691 2151 certo
720 2111 1008 2164 supplemento
1037 2109 1206 2163 colligit,
1229 2110 1306 2149 hac
1336 2109 1377 2148 in
1402 2109 1491 2162 lege
1517 2122 1631 2162 pom-

110 2181 209 2220 pam
241 2167 409 2207 Baccho
440 2168 481 2206 in
512 2167 686 2207 Piraeeo
717 2167 950 2206 ducendam
980 2165 1193 2219 appellari,
1227 2165 1338 2218 quod
1370 2169 1469 2204 tunc
1501 2164 1631 2218 ipsius

110 2223 359 2277 reipublicae
381 2224 585 2278 quaedam
607 2223 649 2262 in
671 2238 719 2263 ea
742 2223 987 2262 instruenda
1008 2227 1151 2275 partes
1172 2221 1340 2261 fuerint.
1390 2221 1509 2272 Quod
1534 2224 1632 2260 utut

110 2284 218 2327 erat,
240 2280 280 2319 in
302 2280 392 2334 lege
412 2295 495 2319 non
517 2280 631 2319 urbis
650 2279 914 2319 Athenarum
936 2278 1069 2318 solum
1089 2278 1231 2317 incolis
1253 2282 1296 2317 et
1320 2276 1626 2324 Piraeensibus,

110 2336 183 2375 sed
208 2336 288 2376 toti
316 2336 464 2376 civium
486 2336 726 2376 Atticorum
753 2334 1013 2374 universitati
1042 2334 1199 2387 scripta
1227 2348 1309 2373 non
1337 2337 1506 2386 poterat
1535 2347 1630 2372 con-

111 2392 230 2432 stitui
252 2392 331 2431 nisi
355 2393 465 2445 quod
486 2406 702 2431 commune
730 2397 841 2431 esset
866 2390 1069 2430 omnibus.
1133 2391 1202 2429 An
1228 2403 1369 2429 censes
1399 2388 1632 2428 debitorem

110 2448 354 2502 pignoribus
382 2463 528 2502 cogere
552 2447 731 2487 Athenis
760 2451 886 2499 atque
909 2446 949 2485 in
974 2446 1148 2486 Piraeeo
1171 2444 1396 2485 Ruralibus
1419 2444 1630 2498 Dionysiis

110 2519 185 2557 per
205 2504 316 2558 leges
342 2504 612 2557 prohibitum,
637 2503 781 2543 eodem
802 2504 909 2542 festo
933 2502 1104 2555 Phylae‚
1126 2500 1290 2555 (3011th
1313 2500 1480 2553 reliquis
1502 2501 1632 2540 omni-

111 2561 188 2600 bus
219 2560 337 2614 pagis
368 2560 541 2600 Atticae
572 2559 729 2599 licitum
760 2558 915 2598 fuisse?
950 2558 1098 2610 ltaque
1130 2572 1212 2597 non
1244 2556 1391 2596 dubito
1423 2556 1521 2609 quin
1552 2556 1630 2596 hoc

112 2631 275 2671 quoque
308 2616 463 2656 homini
491 2615 757 2655 mediocriter
785 2615 909 2654 docto
941 2614 1156 2653 debeatur.
1218 2613 1327 2652 Nam
1356 2626 1478 2665 quem
1506 2612 1630 2651 modo

112 2672 152 2712 in
185 2673 332 2713 fraude
365 2673 448 2712 sive
479 2686 618 2712 errore
650 2670 871 2711 manifesto
907 2668 1268 2722 deprehendimus,
1300 2668 1371 2707 ubi
1405 2667 1628 2722 Thargelia

155 2828 164 2851 1
193 2830 298 2866 Quem
324 2829 426 2859 locum
454 2829 492 2858 ad
520 2827 744 2857 Panathenaea
770 2837 831 2855 non
903 2826 1034 2864 Magnis
1052 2825 1250 2855 Liberalibus
1269 2826 1435 2856 cohaerere
1453 2836 1491 2855 ex
1510 2835 1547 2854 eo
1566 2824 1628 2854 col-

113 2872 244 2902 debebat
266 2871 381 2901 referre
404 2871 429 2900 Ι.
451 2871 492 2900 H.
512 2871 668 2900 Krausius
690 2871 833 2908 Olympia
901 2868 992 2907 ligas,
1011 2869 1091 2907 qnod
1115 2870 1144 2897 d.
1168 2878 1213 2906 ¹5-
1234 2879 1274 2897 111.
1296 2867 1550 2907 Elaphebolionis
1571 2868 1627 2896 Sa-

113 2924 144 2954 p.
160 2923 210 2952 42,
228 2913 274 2943 18.
291 2914 330 2943 cf.
347 2914 447 2952 ejusd.
465 2920 543 2942 orat.
562 2923 592 2951 p.
614 2914 683 2950 708.
724 2914 834 2941 Satur·
901 2918 997 2940 turno
1013 2910 1110 2939 libum
1128 2910 1327 2940 offerebatur.
1367 2910 1439 2940 Vid.
1458 2910 1550 2949 Corp.
1573 2909 1627 2938 In-

114 2956 197 2986 nalia
228 2956 293 2995 ipsa
328 2963 434 2986 autem
467 2956 601 2994 quodam
637 2956 729 2984 modo
762 2965 833 2983 cum
902 2953 1146 2982 scr.(31·.1.110.
1166 2961 1237 2991 523.
