1997 3256
766 147 826 185 IN
860 147 1109 187 Ml‘mAM.
1609 152 1691 190 835

178 252 284 294 ὅστις
324 251 512 306 proxime
554 251 817 304 subjunxerit
855 257 1012 292 orator.
1081 253 1220 304 Quare
1255 267 1348 293 cum
1381 254 1491 306 Aug.
1525 253 1692 294 offerret

181 309 568 359 καταχειροτονηθὲν,
592 312 678 347 tam
701 307 952 360 exquisitam
974 310 1161 357 formam,
1184 309 1300 361 cujus
1328 309 1462 349 altera
1490 308 1560 348 illa
1581 309 1690 349 vide-

177 367 295 403 retur
331 377 420 403 esse
456 363 566 403 mala
604 363 820 412 correctio,
861 369 973 404 recto
1009 364 1208 417 praetulit
1246 364 1450 404 Reiskius.
1517 364 1690 404 Dictum

177 421 735 513 zfjllttyeriirlrxxlaraxecporozvnffiv
775 420 891 459 αὐτοῦ
931 420 1038 459 sicut
1083 421 1334 472 προσταχθὲν
1374 420 1474 473 αὐτῷ
1517 425 1558 459 ot
1599 420 1689 460 sim.

209 531 341 626 C578,
377 542 441 581 27.
486 530 644 584 κατέδυ]
691 530 878 586 ᾐσχύνθη.
947 531 996 569 V.
1037 531 1195 570 Aueccl.
1238 529 1369 569 Bokk.
1414 545 1453 582 p.
1492 543 1582 583 151,
1622 541 1686 571 22.

232 643 328 696 578,
356 644 419 682 28.
443 643 567 684 οὐδεὶς
588 643 696 684 ὅστις
717 642 783 682 οὐκ
805 642 871 694 ἄν]
911 642 1070 694 Repete
1093 640 1229 680 κατέδυ
1242 664 1308 679 —.
1354 640 1602 681 SCHAEF.

232 711 328 751 579,
353 712 385 738 J.
419 697 507 738 ἀλλ’
532 699 575 737 οὐ
607 699 781 739 Μειδίας·
820 696 997 746 &Mc—52
1027 697 1142 738 πόλις
1177 696 1294 735 αὐτὸν
1325 695 1369 734 οὐ
1403 696 1542 747 χωρεῖ]
1593 695 1687 734 Hoc

176 768 337 794 comma
358 754 503 794 laudat
522 753 772 793 Plutarchus
792 753 901 792 Mor.
920 768 959 806 p.
984 765 1086 791 1010
1110 752 1162 791 D.
1185 751 1255 790 ubi
1277 750 1476 804 expendit
1493 750 1574 791 vim
1596 765 1688 791 ora-

175 809 314 858 tionis,
338 809 613 861 ἐξαιρεθέντων
634 813 710 848 τῶν
731 807 973 857 συνδέσμων.
1016 806 1276 846 TAYLOR.

241 864 613 918 Μειδίας-χωρεῖ]
659 864 774 905 Citat
796 863 973 903 Aristid.
995 863 1116 914 Τέχν.
1138 877 1176 916 p.
1200 873 1304 915 190„
1327 862 1454 902 verba
1486 862 1688 913 Πλουτάρ-

173 938 248 973 χου
268 925 459 972 προξενεῖ,
479 934 584 973 quac
607 919 767 960 omittit
788 919 1011 966 Aristides.
1035 919 1221 959 citantur
1242 918 1284 957 in
1306 918 1468 958 Anccd.
1494 918 1624 958 Bekk.
1649 933 1687 971 p.

179 978 272 1030 163,
298 989 366 1016 21.

230 1043 327 1086 579,
352 1033 390 1072 6.
423 1032 509 1071 οὐδὲ
540 1031 710 1084 δέδοικα]
749 1031 778 1071 J
783 1045 855 1071 ure
876 1030 1162 1071 Buttmannus
1193 1030 1344 1071 delevit
1375 1030 1688 1070 distinctionem

174 1093 270 1142 post
292 1088 468 1128 δέδοικας
502 1101 598 1128 nam
621 1087 775 1128 δέδοικα
796 1092 838 1127 et
860 1090 1060 1138 φοβοῦμαι
1081 1101 1309 1140 synonyma
1332 1090 1440 1135 sunt,
1464 1100 1570 1139 quac
1595 1101 1687 1139 par-

175 1144 303 1185 ticula
329 1144 418 1184 οὐδὲ
444 1148 558 1184 recte
580 1143 761 1197 copulat.
803 1142 859 1183 V.
881 1147 969 1183 not.
991 1143 1044 1183 ad
1066 1158 1106 1196 p.
1129 1144 1224 1196 566,
1247 1155 1308 1194 17.
1370 1143 1506 1195 Supra
1526 1157 1566 1195 p.
1589 1153 1686 1195 555,

179 1210 243 1254 15.
275 1200 353 1240 δέει
387 1201 448 1240 καὶ
480 1201 608 1254 φόβῳ,
641 1204 688 1240 111
719 1215 758 1253 p.
786 1201 881 1252 654,
906 1210 972 1249 24.
1000 1200 1132 1250 φόβον
1165 1199 1225 1238 καὶ
1261 1199 1358 1240 δέος.
1422 1198 1543 1249 Quod
1578 1198 1688 1237 enim

174 1255 285 1296 inter
314 1257 396 1296 duo
427 1256 527 1296 haec
559 1255 728 1296 nomina
759 1254 980 1294 discrimen
1011 1254 1267 1294 intercedere
1295 1254 1417 1294 docet
1438 1254 1688 1293 Ammonius

175 1326 217 1365 p.
240 1325 322 1366 39.7
345 1317 458 1352 certe
489 1316 634 1352 orator
664 1326 746 1351 non
777 1310 914 1350 novit:
949 1310 1193 1350 Herodotus
1224 1310 1501 1364 grammatico
1532 1309 1688 1350 citatus

175 1368 297 1408 testis
328 1383 382 1408 an
413 1367 575 1408 noverit
606 1382 689 1407 non
723 1367 809 1407 sine
839 1381 987 1407 caussa
1017 1366 1196 1406 dubites.
1258 1366 1379 1417 Quod
1410 1366 1442 1405 si
1475 1365 1567 1419 quis
1597 1379 1688 1418 per-

174 1425 323 1464 tendat
354 1425 483 1475 φόβος
515 1440 554 1463 τε
589 1425 650 1463 καὶ
685 1424 772 1464 δέος
799 1424 857 1472 (4,
883 1424 991 1476 115.)
1016 1422 1202 1462 diversae
1235 1421 1553 1476 significationis
1584 1436 1685 1469 esse,

175 1480 272 1532 quia
295 1481 443 1534 juncta
468 1480 551 1519 sint
574 1493 656 1519 non
678 1478 852 1533 simplici
874 1478 1021 1531 copula
1043 1479 1116 1526 καὶ,
1140 1477 1361 1531 diligenter
1380 1477 1482 1516 mihi
1503 1477 1686 1517 conside-

173 1541 240 1576 ret
262 1536 373 1589 quod
404 1535 572 1589 scripsit
604 1535 845 1575 Historicus
866 1547 904 1587 3,
930 1536 997 1574 80.
1021 1535 1225 1585 περιεοῦσί
1252 1550 1294 1573 τε
1326 1534 1388 1573 καὶ
1420 1534 1571 1582 ζώουσι.
1594 1533 1684 1573 coll.

173 1596 261 1632 not.
282 1592 337 1632 ad
358 1607 397 1646 p.
420 1593 519 1645 585,
538 1605 570 1631 1.
604 1590 854 1632 SCHAEF.
917 1590 1130 1630 Differunt
1151 1591 1280 1641 φόβος
1301 1594 1343 1629 et
1365 1589 1450 1631 δέος
1471 1603 1593 1629 sensu
1615 1589 1687 1630 ali-

174 1652 390 1702 quantum,
413 1653 461 1688 ut
485 1647 732 1689 Latinorum
752 1647 870 1687 timor
889 1650 933 1686 et
956 1652 1090 1694 metus,
1111 1659 1288 1700 quorum
1313 1645 1413 1684 illud
1434 1645 1624 1699 ignaviae
1645 1650 1689 1685 ct

174 1702 484 1753 imbecillitatis,
516 1704 594 1743 hoc
630 1701 917 1743 sollicitudinis
954 1706 998 1742 et
1033 1701 1237 1742 cautionis
1268 1701 1350 1741 vim
1380 1701 1599 1741 adsciscit:
1635 1701 1687 1741 dc

173 1760 324 1814 quibus
358 1764 554 1801 accurate
591 1764 634 1800 et
670 1759 880 1799 subtiliter
916 1757 1146 1811 disputavit
1182 1757 1458 1797 Doederlinus
1499 1756 1540 1796 in
1580 1756 1686 1797 libro

173 1829 494 1870 synonymorum
518 1827 554 1856 2.
576 1830 617 1869 p.
639 1828 872 1868 191—194.
907 1813 1141 1853 WEBER.
1163 1813 1217 1854 ad
1240 1828 1279 1866 p.
1305 1814 1328 1852 6
1333 1824 1400 1866 54,
1425 1825 1490 1863 24.

229 1882 325 1927 579,
345 1885 382 1924 7.
400 1871 586 1925 δεδιέναι]
621 1871 833 1911 δεδοικέναι
856 1869 991 1910 Paris.
1014 1870 1195 1923 quintus.
1229 1869 1423 1908 REISK.
1486 1868 1685 1909 Notabile

173 1927 512 1977 Demosthenem,
531 1927 601 1981 qui
623 1927 746 1967 modo
768 1926 953 1966 dedisset
974 1926 1140 1972 δέδοικα,
1163 1939 1272 1964 nunc
1294 1924 1489 1965 maluisse
1512 1924 1685 1964 διδιέναι.

172 1983 420 2025 SCHAEF.

228 2051 325 2094 579,
348 2053 411 2080 11.
443 2041 647 2086 πλούσιος,
681 2039 838 2090 θρασὺς,
867 2056 899 2078 κ.
922 2055 955 2077 τ.
976 2036 1037 2091 λ.]
1078 2036 1194 2077 Citat
1223 2036 1263 2076 h.
1288 2037 1315 2075 l.
1343 2036 1554 2077 Aristides
1577 2035 1625 2075 Τ.
1647 2051 1685 2089 p.

174 2106 266 2148 270.
309 2095 502 2135 REISK.

229 2162 325 2206 579,
350 2163 412 2206 15.
442 2152 504 2191 καὶ
535 2153 578 2191 ἐν
606 2152 662 2192 οἷς
693 2150 856 2202 καιροῖς]
898 2150 966 2189 Ita
997 2148 1313 2202 explicandum:
1348 2147 1411 2187 καὶ
1440 2151 1517 2186 τῶν
1546 2150 1688 2197 καιρῶν

172 2209 214 2247 ἐν
235 2209 292 2249 οἶς
323 2208 469 2248 ἕκαστα
500 2211 719 2258 δημηγορεῖ.
781 2205 875 2245 Non
906 2220 956 2246 ea
983 2209 1151 2245 tantum
1175 2218 1275 2257 quae
1295 2203 1421 2252 dicat,
1445 2203 1518 2242 sed
1548 2201 1688 2256 quibus

171 2263 407 2317 temporibus
444 2276 632 2316 quaeque
667 2262 793 2310 dicat,
832 2261 1062 2315 opprobrat
1098 2259 1135 2299 ei
1171 2259 1491 2299 Demosthenes.
1564 2257 1686 2308 Quod

172 2333 256 2358 non
291 2319 431 2372 potuit
466 2319 630 2358 brevius
668 2323 711 2358 et
748 2317 952 2357 efficacius
985 2315 1195 2356 enuntiari
1232 2329 1357 2368 quam
1394 2314 1464 2355 illa
1499 2314 1687 2367 quamvis

172 2374 432 2428 aliquantum
452 2374 704 2415 anacolutha
724 2372 944 2413 locutione.
986 2371 1214 2410 BUTTM.

231 2431 327 2484 580,
354 2443 389 2472 2.
417 2432 512 2470 κατὰ
533 2434 609 2469 τῶν
629 2433 791 2469 πολλῶν
810 2429 932 2481 ὑμῶν]
972 2427 1088 2467 Idem
1119 2430 1184 2466 est
1214 2430 1343 2478 atque
1373 2425 1469 2464 κατὰ
1494 2427 1570 2464 τῶν
1590 2430 1686 2464 πολ-

173 2490 255 2526 λῶν
276 2488 317 2536 ἐξ
337 2487 442 2536 ὑμῶν
464 2485 526 2525 vel
546 2487 614 2524 τοῦ
632 2484 817 2535 ὑμετέρου
838 2483 1023 2533 πλήθους,
1048 2483 1090 2522 in
1115 2481 1410 2521 wmltitudz'nem
1441 2493 1512 2519 seu
1534 2479 1687 2533 plebem

174 2547 354 2590 vestram,
386 2546 550 2595 partem
583 2540 722 2594 populi
749 2538 875 2579 vestri
909 2537 1227 2581 contemtiorem
1257 2540 1384 2589 atque
1415 2535 1684 2589 egentiorem,

173 2598 247 2638 sed
267 2612 439 2637 numero
461 2601 742 2650 superantem.
784 2594 980 2634 REISK.

230 2655 329 2708 580,
350 2664 390 2708 5.
416 2655 616 2703 ἐξαπατῶν
640 2652 701 2691 καὶ
722 2650 956 2702 φενακίζων]
996 2649 1050 2688 V.
1073 2664 1112 2702 p.
1135 2659 1231 2701 577,
1258 2658 1321 2701 25.
1365 2646 1625 2686 SCHAEF.

230 2711 326 2763 580,
350 2720 386 2760 7.
412 2712 581 2750 τοιοῦτος
601 2710 675 2759 γὰρ
699 2707 752 2760 εἶ]
788 2705 997 2746 Subaudi:
1032 2706 1127 2744 Νοη
1155 2704 1303 2743 mirum
1334 2709 1370 2742 tc
1399 2716 1503 2742 mmo
1530 2702 1686 2742 >versari

173 2765 421 2818 inpericulo.
466 2764 726 2804 SCHAEF.
834 2809 837 2812 ,

230 2821 326 2874 580,
349 2834 410 2860 10.
443 2822 550 2861 ἀλλὰ
581 2818 847 2868 νομίζεις-οὐ
878 2815 1148 2868 παύσεσθαις]
1187 2815 1332 2855 Citaut
1360 2813 1518 2853 Anecd.
1551 2813 1682 2853 Bekk.

174 2888 325 2929 p.122.
351 2887 414 2928 27.
458 2876 716 2916 SCHAEF.

899 2944 917 2967 u
942 2930 965 2965 52
