1997 3256
520 156 846 196 ADVERSUS
883 156 1232 195 LEPTINEM.
1553 154 1637 198 671

181 273 277 313 472,
303 273 338 300 2.
359 260 534 313 ὑπέρρει]
573 260 701 314 Tropi
732 260 885 300 similes
913 261 1014 315 ejus⁷
1039 260 1107 314 qui
1130 261 1255 301 mbo
1279 260 1434 312 ὑπέρρει
1455 261 1575 309 inest,
1599 261 1639 300 in

126 332 288 370 quaque
320 331 450 370 paene
486 317 627 371 lingua
660 317 993 370 frequentantur.
1057 316 1187 356 Simili
1226 317 1327 357 item
1363 332 1462 356 usus
1497 322 1641 357 noste1

126 373 296 426 ΟΙμηΙῙ.
332 373 390 412 II.
422 387 460 426 p.
487 385 550 421 21,
573 386 612 422 4.
640 373 691 413 de
716 374 890 426 fortuna
926 372 1121 413 (Illabente
1155 373 1285 413 habet
1319 378 1536 424 καταρρεῖν,
1570 374 1640 413 ubi

125 429 336 469 scholion:
375 430 682 480 διαφθείρεσθαι,
716 431 766 471 ὡς
797 430 872 469 ἀπὸ
904 433 1128 481 μεταφορᾶς
1159 431 1291 481 τοίχου
1323 430 1425 470 τινὸς
1455 434 1638 476 παλαιοῦ,

126 486 221 524 ὅταν
253 485 327 524 ὑπὸ
363 488 430 534 τῆς
465 487 724 534 παλαιότητος
763 487 825 526 καὶ
861 489 929 525 τοῦ
964 487 1106 537 χρόνου
1144 486 1258 526 αὐτὸς
1289 485 1354 535 ὑφ’
1385 487 1522 524 ἑαυτοῦ
1557 489 1639 525 δια-

125 542 394 591 βιβρώσκηται
426 542 487 581 καὶ
518 542 788 591 ἀναλίσκηται.
850 541 1089 581 Notabilem
1116 546 1257 580 autem
1287 545 1475 580 nostrum
1505 541 1640 580 locum

127 597 228 637 facit
259 596 397 636 activa
427 597 487 636 vis
520 597 632 637 verbi
665 600 859 649 ὑπορρεῖν,
894 601 1067 650 propter
1099 611 1225 649 quain
1256 596 1382 636 etiam
1413 611 1438 636 a
1471 596 1641 636 Lexieo-

126 652 298 706 graphis
330 652 425 692 inde
458 668 483 693 a
515 653 685 693 Budaeo
719 653 913 693 laudatus
945 657 1021 700 est,
1052 667 1178 705 quum
1209 652 1442 705 exemplum
1471 652 1558 705 ejus
1584 653 1641 691 vi-

128 709 299 748 deretur
324 708 489 748 unicum
511 724 613 748 esse.
670 709 812 749 Recte.
864 708 946 748 Sed
968 708 1077 762 quod
1104 712 1306 760 superest.
1330 712 1377 747 ut
1402 722 1495 747 eum
1523 723 1642 747 usum

129 765 285 804 caussis
307 764 391 803 suis
419 765 681 818 explicemus.
705 765 836 818 possit
856 766 1033 804 fortasse
1054 765 1108 803 ab
1129 763 1266 816 aliquo
1288 764 1367 802 huc
1389 763 1489 802 illud
1515 764 1639 813 trahi,

130 821 241 874 quod
273 820 447 874 simplex
468 822 639 860 verbum
659 821 734 871 ῥέω
757 835 839 860 non
870 834 1041 873 prorsus
1069 819 1296 859 insolenter
1317 819 1497 859 occurrit
1519 834 1641 860 sensu

128 876 351 916 transitivo
382 877 620 928 egffzmdencli.
648 877 699 915 de
722 891 803 930 quo
829 876 911 915 vid.
938 876 1154 929 MusgraV.
1176 875 1230 915 ad
1259 875 1449 929 Euripid.
1477 876 1640 916 Hecub.

128 934 226 986 528.
245 932 427 971 Brunck.
442 933 494 971 ad
511 932 705 985 Apollon.
721 933 858 971 Rhod.
876 945 913 985 3,
932 944 1025 984 225.
1041 936 1082 971 et
1101 931 1322 971 Ruhnken.
1338 931 1474 985 Epist.
1492 932 1585 972 crit.
1605 945 1642 972 2.

129 1004 171 1042 p.
194 990 286 1039 264.
351 988 492 1028 Possit
513 989 618 1028 adeo
638 988 835 1028 Latinum
856 1002 927 1028 ruo
949 987 1195 1041 comparari.r
1217 988 1327 1040 quod
1349 992 1395 1027 ut
1418 992 1555 1028 ortum
1579 994 1644 1028 est

130 1058 181 1083 ex
208 1058 271 1098 gr.
294 1045 382 1095 ῥύω,
410 1044 449 1083 h.
477 1059 512 1084 e.
542 1046 629 1096 ῥέω,
660 1044 720 1084 ita
751 1044 962 1084 interdum
993 1043 1165 1098 originis
1195 1058 1294 1084 suae
1324 1044 1541 1097 antiquam
1573 1059 1643 1098 po-

130 1105 330 1140 testatem
347 1100 528 1140 activam
546 1105 697 1146 servat.
715 1100 756 1139 in
775 1100 1016 1154 compositis
1033 1099 1225 1147 maxime,
1241 1106 1288 1140 ut
1309 1100 1350 1139 in
1368 1101 1497 1148 diruo,
1513 1099 1641 1150 οόνιιο,

121 1170 286 1210 proram,
310 1171 460 1205 corruo,
482 1155 637 1205 suhruo,
661 1171 837 1210 quorum
859 1162 1117 1211 postremum
1147 1156 1267 1209 plane
1296 1156 1435 1196 reddit
1455 1163 1644 1196 nostrum

129 1214 324 1264 ὑπορρεῖν.
388 1212 468 1251 His
496 1218 638 1252 tamen
667 1213 899 1253 rationibus
921 1212 1082 1251 omissis
1108 1211 1247 1266 potius
1270 1212 1370 1252 haec
1393 1212 1645 1266 simpliciora

132 1269 342 1322 sequenda
364 1283 524 1308 censeo.
586 1269 698 1309 Bene
720 1274 763 1308 et
791 1270 845 1309 ad
875 1268 1112 1322 analogiam
1133 1268 1334 1308 sermonis
1355 1274 1454 1322 apte
1476 1283 1541 1308 res
1564 1269 1643 1309 dici

131 1330 273 1378 potest
307 1327 487 1376 ὑπορρεῖν
514 1342 560 1371 τι,
585 1325 644 1375 (h.
676 1339 710 1365 e.
735 1327 818 1376 ῥεῖν
845 1326 920 1364 ὑπό
950 1328 1015 1377 τι,)
1042 1338 1147 1378 quae
1180 1324 1303 1364 aliam
1337 1339 1423 1364 rem
1456 1324 1645 1365 subterla—

132 1381 239 1421 bitur
260 1386 302 1421 et
329 1381 389 1421 ita
409 1381 511 1421 facit
532 1386 579 1421 ut
601 1395 650 1421 ea
675 1381 865 1421 subsidat
886 1381 1018 1433 deque
1047 1385 1162 1420 statu
1190 1394 1263 1419 suo
1285 1380 1519 1433 dejiciatur.
1581 1381 1646 1421 De

132 1452 242 1491 aqua
263 1437 428 1490 proprie
448 1437 490 1476 id
512 1452 713 1491 usurpare
733 1437 830 1477 lieet
847 1453 855 1476 τ
889 1442 934 1477 at
951 1436 1094 1490 quidni
1115 1436 1225 1476 facili
1241 1436 1515 1476 translatione
1537 1436 1646 1477 idem

131 1493 255 1533 liceat
276 1493 318 1532 in
339 1493 430 1533 aliis
457 1494 579 1533 rebus
601 1493 805 1541 omnibus,
829 1493 977 1547 quibus
999 1492 1098 1547 quid
1128 1493 1418 1540 labefactatur.
1443 1493 1646 1534 subverti-

132 1555 203 1590 tur
224 1554 299 1589 aut
320 1549 502 1589 corruit?
559 1550 588 1589 J
591 1564 658 1589 am
680 1564 762 1588 non
784 1549 825 1588 in
847 1550 973 1589 verbo
994 1548 1084 1602 ipso
1106 1548 1166 1588 vis
1188 1548 1326 1589 activa
1343 1549 1487 1601 quaeri
1508 1549 1644 1597 debet,

132 1606 206 1645 sed
228 1605 269 1645 in
291 1605 404 1645 verbi
426 1610 468 1645 et
493 1605 816 1660 praepositionis
838 1605 1141 1659 conjunctione,
1165 1619 1246 1658 quo
1275 1605 1399 1644 modo
1424 1604 1647 1646 transitiva

131 1662 239 1701 fiunt.
269 1666 462 1716 cognata,
489 1666 714 1713 παραρρεῖν,
744 1665 914 1713 διαρρεῖν
939 1665 982 1701 et
1011 1661 1107 1701 alia.
1172 1661 1240 1701 lta
1270 1661 1358 1714 jam
1394 1661 1647 1701 sententiam

131 1722 294 1758 vertes:
336 1719 428 1758 Ha<
461 1724 589 1758 (actem
625 1733 696 1765 ms
730 1732 829 1772 quas
863 1718 963 1765 dmi,
999 1717 1186 1771 ozeqleetae
1217 1724 1253 1756 et
1284 1723 1498 1756 contemtae
1532 1717 1648 1758 Zabe-

121 1775 319 1827 factant
351 1781 486 1827 atque
517 1773 745 1814 31161111111ΐ
768 1774 1035 1828 paullatim
1065 1788 1129 1813 eas
1159 1773 1349 1820 οῖιῖΐαίοδ,
1376 1787 1475 1826 qvae
1505 1774 1649 1826 optimo

131 1829 209 1870 sibi
242 1830 479 1871 &edebantm
509 1830 586 1870 loco
620 1836 725 1870 stam
757 1830 936 1884 omnique
967 1844 1100 1883 sunere
1122 1829 1342 1883 felici'lcztzs
1363 1830 1417 1883 s}
1422 1844 1473 1869 111
1518 1830 1567 1870 F.
1591 1831 1647 1871 A.

189 1953 287 1995 472,
310 1919 348 1997 3.
371 1943 644 1998 τῷ-μηὸενὸς
666 1943 945 1997 καταφρονεῖν]
981 1941 1075 1982 Ηοο
1098 1941 1303 1990 οει,11ῐ]ιὶἷ
1327 1942 1501 1982 ο1111ιί1ι11ι
1528 1942 1648 1996 megyli-

128 1999 264 2053 ι(γεηεῖο,
287 1999 394 2039 nihil
421 1999 682 2039 emistimando
712 2013 786 2038 esse
815 2005 897 2038 tam
929 1998 1319 2047 111ἰ1ι11ί11111,1ιί6111·α
1341 1999 1650 2039 θία111111αίῖιον-

128 2044 238 2096 {ione
271 2068 347 2094 seca
382 2056 593 2109 indiynum
623 2056 686 2095 szsst
729 2056 778 2094 F.
807 2055 861 2094 A.
883 2054 941 2092 W
947 2054 1077 2094 OLF
1137 2054 1300 2105 μηδενὸς
1336 2054 1524 2094 neutiius
1560 2069 1649 2095 esse

133 2111 297 2166 generis
327 2111 478 2152 docent
507 2110 732 2164 supelima,
755 2112 883 2151 πάντα
906 2109 1148 2161 ἐξητασμενα
1168 2125 1208 2163 p.
1230 2121 1326 2162 471,
1352 2111 1416 2149 28.
1459 2115 1501 2150 et
1523 2111 1649 2151 πάντα

134 2167 238 2208 ταῦτ’
256 2169 505 2218 ἀμελούμενα
525 2182 564 2221 p.
586 2179 683 2220 472,
709 2180 744 2207 2.
788 2166 1039 2207 SCHAEF.

191 2235 288 2275 472,
313 2235 349 2276 7.
384 2224 452 2264 ἐάν
473 2224 516 2264 τέ
543 2241 578 2264 τι
605 2226 735 2278 συμβῇ
762 2223 872 2277 ποτε]
896 2221 1124 2262 Vocabulis
1154 2225 1282 2264 καλῶς
1311 2221 1559 2273 πράττουσαν
1580 2223 1650 2272 τὴν

135 2281 254 2320 πόλιν
274 2280 528 2334 respondent
556 2280 669 2328 haec,
695 2279 764 2320 ἐάν
785 2296 819 2319 τι
841 2282 974 2334 συμβῇ
995 2295 1102 2325 ποτε,
1125 2278 1161 2318 si
1181 2278 1282 2332 qnid
1299 2278 1502 2328 acciderit,
1526 2284 1650 2319 notus

135 2336 456 2390 euphemismus.
497 2336 614 2377 Conf.
635 2336 691 2376 ad
711 2351 751 2390 p.
773 2349 869 2388 490,
891 2337 952 2375 16.
995 2336 1044 2374 F.
1067 2335 1121 2374 A.
1142 2334 1338 2374 WOLF.

192 2404 288 2444 472,
314 2393 351 2432 8.
384 2393 429 2432 οὐ
455 2394 584 2433 τοίνυν
611 2393 732 2442 μόνον
755 2411 786 2432 κ.
808 2409 839 2432 τ.
862 2392 922 2445 λ.]
961 2391 1077 2432 Citat
1108 2391 1148 2430 h.
1175 2391 1200 2430 l.
1227 2390 1440 2430 Aristides
1461 2391 1581 2444 Τέχν.
1609 2406 1648 2445 p.

139 2450 232 2502 236
275 2448 467 2488 REISK.

193 2515 374 2558 472,13.
397 2503 563 2559 ἄλλους]
598 2504 735 2544 Abest
755 2504 809 2543 ab
832 2503 1034 2544 Aristide.
1077 2503 1272 2543 REISK.

192 2571 288 2613 472,
313 2559 870 2614 ις.συμμάχονς-πολεμου]
906 2560 1042 2610 Quum
1069 2559 1341 2600 antecesseiit
1365 2560 1463 2608 ὑμᾶς·
1488 2558 1651 2598 statim-

137 2631 217 2670 que
243 2621 473 2671 sequantur
498 2616 664 2669 ὑμετέρᾳ
685 2620 727 2655 et
752 2617 859 2664 ὑμᾶς,
882 2616 1034 2655 mirum
1062 2620 1127 2655 est
1159 2615 1200 2654 in
1231 2615 1343 2654 nullo
1374 2614 1479 2654 libro
1510 2629 1651 2654 occur-

136 2687 228 2713 rere
250 2673 477 2726 συμμάχους
497 2674 599 2722 ὑμῖν.
661 2671 860 2711 Similiter
879 2686 918 2725 p.
943 2684 1039 2725 473,
1058 2684 1098 2725 3.
1122 2671 1342 2724 displicere
1363 2675 1506 2724 potest
1527 2673 1652 2714 πύλας

99 2750 102 2751 ’
136 2730 238 2779 ἡμῖν,
263 2744 390 2783 quum
415 2734 458 2769 et
489 2728 545 2769 ibi
576 2733 642 2768 ter
674 2732 892 2781 repetatur
913 2728 1095 2767 secunda
1124 2741 1314 2781 persona.
1377 2726 1489 2766 Nihil
1510 2731 1651 2768 tamen

138 2785 181 2825 in
202 2791 353 2826 neutro
377 2786 466 2825 loco
487 2790 617 2825 muto.
672 2783 722 2824 ‘O
744 2784 839 2835 πρὸς
860 2785 1188 2834 Λακεδαιμονίους
1207 2784 1379 2833 πόλεμος
1399 2783 1552 2823 bellum
1574 2788 1650 2831 est,

139 2842 250 2894 quod
271 2842 413 2882 decem
433 2841 552 2881 annis
572 2846 669 2895 post
688 2840 1087 2893 Peloponnesiacum
1107 2839 1279 2884 exarsit.
1298 2843 1345 2879 ut
1367 2838 1512 2879 statim
1534 2844 1651 2880 nota-

139 2896 287 2937 bimus.
332 2899 380 2938 F.
404 2898 458 2938 A.
479 2897 671 2938 WOLF.
