1997 3256
343 171 453 213 1014
640 171 959 212 ADVERSUS
991 169 1488 211 ARISTOGITONEM
1521 168 1553 209 1.

340 283 448 319 orat.
470 293 510 332 p.
534 278 614 332 845
637 278 689 317 E.
696 278 729 330 )‚
753 276 824 330 qui
845 276 904 316 rei
924 275 1224 316 frumentariae
1248 275 1506 329 praefectum
1527 273 1854 315 Demosthenem

339 334 441 374 furti
469 338 725 382 accusatum,
749 333 822 373 sed
852 333 1090 373 absolutum
1118 346 1207 372 esse
1235 331 1380 379 t1¹,adit
1410 332 1517 371 alter
1547 331 1589 370 in
1617 345 1664 370 01
1666 330 1854 370 ationum

340 405 446 444 quae
468 390 511 430 in
533 365 869 430 Demosthenicis
889 389 1079 429 feruntur
1100 387 1503 442 Aristooitoniarum
1525 387 1658 440 prima
1679 402 1718 440 p.
1741 387 1853 438 7.81.,

340 446 410 487 ubi
440 446 543 486 haec
575 446 794 500 leguntur:
828 445 932 491 ἀλλ,
953 444 1258 516 Ἀριστογεῖτον,
1283 446 1379 483 ἑπτὰ
1405 445 1560 495 γραφὰς
1591 443 1762 494 κέκρικάς
1792 459 1853 492 με,

340 507 418 544 τοῖς
449 504 545 554 ὑπὲρ
578 505 778 542 Φιλίππου
813 503 901 542 τότε
935 503 1146 552 πράττουσι
1179 500 1325 540 σαυτὸν
1357 501 1569 549 μισθώσας,
1598 500 1658 538 καὶ
1695 499 1856 540 εὐθύνας

341 561 511 600 διδόντος
541 558 597 600 δὶς
629 559 908 610 κατηγόρησας.
964 558 1025 597 καὶ
1055 556 1314 608 Ἀδράστειαν
1335 557 1407 606 μὲν
1429 556 1630 606 ἄνθρωπος
1654 555 1708 594 ὢν
1731 555 1856 606 ἔγωγε

338 618 544 664 προσκυνῶ
566 615 628 654 καὶ
654 615 732 667 ἔχω
754 618 833 656 τοῖς
855 617 957 656 θεοῖς
979 614 1042 653 καὶ
1067 616 1188 653 πᾶσιν
1208 614 1309 662 ὑμῖν,
1333 611 1362 651 ὠ
1384 613 1432 651 ἄν
1436 615 1519 662 δρες
1538 610 1753 660 Ἀθηναῖοι,
1776 614 1857 652 τοῖς

341 672 500 711 σώσασί
527 687 576 720 με
611 671 766 721 πολλην
796 670 924 723 χάριν·
958 670 1007 710 σὺ
1035 668 1064 709 δ’
1098 670 1185 709 οὐδὲ
1221 670 1309 708 πώτ·
1313 685 1376 707 ore
1414 669 1527 707 οὐδὲν
1556 668 1700 717 ἀληθὲς
1728 666 1857 718 λέγων

340 727 497 778 ἐφάνης,
521 726 610 767 ἀλλ’
633 728 693 766 ἀεὶ
724 730 981 790 συκοφαντῶν
1002 725 1189 788 ἠλέγχου.
1254 725 1345 775 Quo
1373 724 1462 763 1000
1484 724 1538 763 ad
1560 723 1626 762 dix
1630 737 1744 762 01515
1766 737 1856 762 5011-

339 783 496 824 tentias
518 783 757 838 piobandas
778 782 887 822 viros
919 783 1064 822 doctos
1097 781 1158 821 uti
1179 781 1311 821 xideo
1375 781 1436 820 Et
1459 779 1746 819 Schmidtiusss
1769 779 1856 842 qui-

340 840 434 880 dem
455 854 504 880 eo
530 838 810 880 demonstrari
836 853 957 892 posse
983 838 1085 878 dicit
1107 837 1435 877 Demosthenem
1464 836 1622 890 p1i1nae
1653 835 1856 875 orationis

339 901 555 936 auctorem
575 910 665 936 esse
687 910 769 935 non
790 909 925 949 posse.
961 895 1119 935 Contra
1141 893 1417 947 Kiesslingius
1432 892 1450 920 b
1473 907 1525 932 ex
1545 906 1593 932 eo
1615 892 1670 932 ad
1691 896 1857 945 tempus

338 952 516 992 actionis
533 951 869 1006 Aristogitoniae
885 965 1009 991 accur
1010 950 1121 990 atius
1137 950 1477 990 constituendum
1497 949 1578 1003 aliq
1582 948 1652 988 uid
1673 948 1760 988 111οΓ
1762 953 1857 988 atus

339 1022 429 1048 esse
450 1007 529 1048 sibi
550 1007 727 1047 videtuz1
778 1007 897 1048 Haec
920 1021 1001 1061 quo
1018 1007 1111 1060 jure
1134 1006 1247 1046 dicta
1268 1006 1353 1046 sint
1373 1010 1421 1045 ut
1443 1005 1734 1068 intelligamisffi
1753 1019 1856 1058 opus

339 1069 404 1105 est
423 1069 471 1105 ut
492 1064 628 1104 denuo
659 1064 710 1104 de
739 1064 915 1104 dua-rum
938 1062 1357 1103 De111osthenioa1¹um
1378 1062 1458 1102 adi
1461 1076 1506 1101 e1¹
1509 1076 1577 1101 sus
1600 1060 1856 1115 Aristogito-

337 1134 432 1161 nem
453 1120 692 1161 orationum
713 1124 886 1160 auctore
909 1119 1197 1173 quaestionem
1219 1118 1501 1158 instituamus.

397 1177 567 1217 Nullum
587 1177 672 1217 fere
692 1180 833 1216 exstat
849 1175 1115 1229 antiquitatis
1132 1175 1344 1215 oratoriae
1364 1177 1681 1214 monumentum
1702 1174 1753 1213 de
1775 1188 1856 1227 quo

338 1238 427 1274 tam
447 1233 587 1274 variae
608 1232 798 1287 prolatae
820 1232 904 1272 sint
924 1247 949 1272 a
972 1231 1105 1272 doctis
1126 1231 1362 1271 hominibus
1391 1230 1636 1277 sententiae,
1660 1244 1783 1284 quam
1805 1231 1856 1270 de

338 1290 500 1330 duabus
514 1289 604 1330 istis
620 1289 700 1330 adx
703 1303 747 1329 er
750 1303 819 1328 5115
830 1288 1165 1342 Aristogitonem
1181 1287 1454 1328 orationibus.
1489 1287 1601 1337 Quas
1618 1301 1857 1340 quanquam

340 1346 596 1386 Schmidtius
617 1346 642 1386 l.
667 1346 691 1385 1.
717 1350 846 1399 atque
870 1345 1071 1385 Clinton⁰
1074 1345 1175 1407 3ξιι11
1198 1344 1464 1398 collegerunt,
1487 1348 1629 1384 tamen
1651 1343 1717 1382 1110
1740 1357 1855 1396 repe-

337 1403 488 1443 tendas
509 1402 610 1442 mihi
631 1416 721 1442 esse
743 1401 855 1449 duxi,
879 1401 1040 1441 011115515
1072 1400 1121 1439 115
1150 1400 1281 1440 10015
1272 1415 1313 1439 111
1337 1399 1487 1453 quibus
1510 1399 1751 1452 simpliciter
1772 1414 1855 1439 non

337 1459 484 1499 addito
500 1459 658 1512 judicio
680 1458 918 1506 laudantur
942 1457 1011 1512 qui
1034 1456 1200 1510 quidem
1222 1456 1418 1510 permulti
1441 1461 1549 1504 sunt,
1575 1456 1635 1495 ita
1658 1461 1739 1495 ut
1726 1470 1855 1509 appa-

337 1519 431 1556 reat
471 1529 553 1555 non
592 1520 682 1555 tam
730 1529 756 1554 a
804 1490 991 1568 phu-sniis
1032 1513 1268 1553 orationum
1310 1512 1485 1552 istarum
1527 1487 1855 1552 Demosthenem

337 1576 553 1612 auctorem
571 1585 660 1611 esse
677 1570 925 1624 judicatum,
944 1584 1069 1623 quam
1086 1569 1212 1623 ipsas,
1230 1569 1411 1623 priorem
1429 1568 1629 1622 inprimis,
1646 1568 1854 1608 veteribus

339 1628 496 1668 criticis
516 1628 634 1668 valde
655 1627 856 1681 probatas
877 1626 1015 1666 fuisse.
1080 1626 1224 1679 Atque
1246 1631 1434 1665 veterum
1463 1624 1675 1678 antiquius
1697 1625 1855 1664 nullum

336 1684 539 1724 habemus
573 1698 697 1738 quam
731 1683 920 1737 Dionysii
957 1681 1345 1723 Halicarnassensis
1381 1681 1584 1735 judicium
1619 1681 1683 1720 his
1718 1681 1854 1721 verbis

337 1754 579 1794 explessum
614 1740 691 1780 vol.
730 1741 767 1780 6.
804 1754 844 1793 p.
881 1741 1027 1780 1126:
1063 1741 1096 1779 εἰ
1128 1739 1260 1789 μέντοι
1296 1739 1391 1778 ένιοι
1422 1738 1744 1790 ψευδεπίγραφοί
1778 1740 1855 1777 εἶσι

336 1798 463 1849 λόγοι,
497 1798 625 1847 ἀηδεῖς
663 1797 725 1836 καὶ
757 1796 934 1848 φορτικοι
963 1797 1023 1835 καὶ
1059 1797 1233 1847 ἄγροικοι
1270 1811 1517 1842 κατασκευαι,
1547 1795 1596 1836 ὡς
1629 1795 1671 1834 ἐν
1699 1795 1742 1844 τῇ
1776 1793 1853 1834 κατ’

335 1852 675 1906 Ἀριστογείτονος
694 1851 765 1902 fist,
784 1852 810 1892 i.
825 1866 859 1892 e.
885 1852 1004 1901 δυάδι,
1027 1856 1075 1892 ut
1098 1852 1256 1891 Seidler
1260 1865 1306 1890 115
1328 1850 1567 1891 intellexit
1555 1865 1622 1904 ap.
1649 1850 1851 1891 Schmidt.

337 1908 363 1948 l.
388 1910 414 1949 1.
437 1925 477 1964 p.
499 1910 591 1949 108.
655 1909 738 1949 Sed
773 1914 923 1949 nactus
952 1908 1017 1948 ille
1053 1913 1117 1948 est
1148 1907 1409 1949 adversarios
1441 1921 1549 1955 suos,
1579 1912 1625 1947 ut
1653 1912 1773 1960 patet
1804 1921 1855 1947 ex

335 1980 496 2020 argum.
522 1965 686 2006 Libanii
718 1980 757 2019 p.
784 1967 877 2019 769,
901 1965 971 2005 ubi
996 1965 1125 2006 haee:
1160 1966 1369 2006 Διονύσιος
1399 1965 1440 2004 δὲ
1471 1965 1491 2003 ὁ
1519 1963 1856 2013 Ἁλικαρνασσεὺς

337 2023 381 2062 οὐ
403 2023 557 2074 δέχεται
578 2023 733 2064 τούτους
755 2023 842 2064 τοὺς
870 2023 1014 2074 λόγους
1037 2021 1312 2072 Δημοσθένους
1344 2020 1456 2068 εἰναι,
1480 2021 1522 2059 ἐκ
1547 2036 1612 2069 της
1643 2019 1746 2062 ἰδέας
1772 2037 1854 2060 τεκ-

335 2080 582 2129 μαιρόμενος.
641 2079 677 2118 οἱ
718 2078 760 2117 δέ
800 2084 926 2129 φασιν
963 2079 1137 2128 ἐπιτηδες
1169 2078 1239 2118 τὸν
1270 2077 1412 2128 ῥητορα
1445 2077 1603 2129 τοιούτῳ
1644 2093 1855 2128 χαρακτηρι

337 2137 562 2186 κεχρῆσθαι,
588 2135 818 2184 ζηλώσαντα
838 2137 1064 2185 Λυκοῦργον
1088 2134 1360 2183 εὐδοκιμοῦντα
1390 2135 1494 2184 παρὰ
1519 2137 1599 2173 τοῖς
1617 2131 1855 2182 Ἀθηναίοις.

336 2191 373 2229 οἱ
394 2192 447 2238 δὲ,
471 2190 600 2239 ἐπειδὴ
622 2190 689 2229 τὸν
711 2192 806 2229 κατὰ
831 2193 897 2239 τῆς
927 2190 1077 2239 ἡλικίας
1106 2192 1251 2241 χρόνον
1274 2191 1326 2231 εἰς
1347 2189 1416 2238 τὴν
1437 2190 1708 2240 πρωτολογίαν
1731 2189 1856 2239 ἔλαβε

336 2249 561 2298 Λυκοῦργος
590 2246 652 2285 καὶ
682 2248 780 2285 πᾶσι
811 2250 889 2288 τοῖς
922 2247 1151 2297 κεφαλαίοις
1184 2246 1298 2287 αὐτὸς
1324 2244 1531 2297 ἐχρήσατο,
1556 2246 1575 2284 ὁ
1600 2245 1857 2295 Δημοσθένης

335 2302 566 2354 ἠναγκάσθη
597 2303 739 2341 λοιπὸν
775 2303 1102 2354 φιλοσοφώτερον
1138 2305 1343 2352 μετελθεῖν
1375 2302 1437 2340 καὶ
1473 2304 1705 2352 περιοδικῶς·
1739 2302 1856 2341 ἄλλοι

336 2359 378 2397 δὲ
411 2358 478 2398 τὸν
509 2359 582 2408 μὲν
614 2359 804 2409 πρότερον
835 2357 1016 2410 δέχονται
1047 2358 1324 2408 Δημοσθένους
1355 2357 1466 2403 εἶναι,
1502 2358 1571 2397 τὸν
1602 2359 1643 2396 δὲ
1676 2358 1856 2408 δεύτερον

337 2414 522 2465 οὐδαμῶς,
557 2415 670 2454 οὐδὲν
706 2415 815 2464 ἄξιον
851 2415 996 2466 ἔχοντα
1029 2418 1096 2454 τοῦ
1128 2414 1300 2467 ῥήτορος.
1364 2413 1571 2453 Acerbius
1609 2413 1855 2467 Dionysium

334 2469 546 2524 vituperat
583 2469 761 2510 Photius
794 2470 961 2525 utrique
998 2470 1178 2512 orationi
1218 2469 1547 2525 patrocinansd:
1593 2470 1644 2510 de
1682 2476 1855 2510 auctore

379 2614 396 2631 a
420 2607 460 2637 In
477 2608 609 2638 Excurs.
628 2609 666 2637 ad
690 2608 900 2646 Dinarchum,
924 2609 962 2638 de
985 2609 1062 2638 dua·
1129 2607 1234 2637 νόθους
1250 2605 1517 2646 παραγράφονται·
1541 2606 1613 2636 ἀλλ’
1631 2605 1716 2637 οὗτοι
1739 2607 1788 2637 καὶ
1805 2607 1854 2647 ὀρ-

335 2647 393 2679 bus
409 2650 626 2680 orationibus'
619 2661 652 2680 1n
670 2651 921 2690 Aristogitonem
944 2651 1059 2681 Demo·
1129 2649 1245 2689 φανοὺς
1261 2650 1372 2680 αὐτοὺς
1388 2650 1526 2688 ἀφιᾶσιν,
1542 2650 1597 2679 οὐκ
1613 2649 1743 2688 ἔχοντες
1760 2650 1857 2680 εἰπεῖν

334 2692 438 2722 Stheni
454 2692 549 2732 vulgo
565 2694 738 2734 adscriptis,
749 2695 870 2732 adjecto
882 2694 955 2724 edit.
968 2701 1060 2724 oratt.
1129 2693 1202 2723 τοὺς
1224 2693 1384 2722 τεκόντας·
1409 2691 1450 2722 ὧν
1471 2690 1513 2722 εἷς
1532 2690 1647 2730 γέγονε
1672 2693 1722 2722 καὶ
1746 2692 1854 2722 Διονύ-

336 2734 414 2764 Din.
431 2746 460 2774 p.
478 2745 489 2765 1
503 2745 546 2765 ιο.
1129 2747 1195 2766 σιος
1212 2736 1227 2764 ὁ
1243 2734 1518 2774 Ἁλικαρνασσεὺς,
1535 2734 1622 2764 οὐδὲν
1638 2733 1720 2772 μέγα
1737 2735 1854 2772 τεκμή-

379 2778 396 2801 b
430 2778 569 2817 L3curg‘i
594 2779 747 2817 deperdit.
771 2784 864 2809 oratt.
892 2779 1061 2819 fiagment.
1129 2790 1194 2817 ριον
1223 2779 1280 2813 τῆς
1311 2777 1386 2808 ἰδίας
1417 2778 1598 2815 ὑπολήψεως
1627 2776 1852 2817 παρεχόμενος,

333 2829 364 2858 p.
383 2826 432 2858 27.
1129 2820 1199 2851 οὐδὲ
1224 2821 1325 2851 ἐκεῖνα
1349 2821 1482 2850 συνιδεῖν
1499 2818 1661 2858 ἐθελήσας,
1683 2821 1722 2850 ὡς
1744 2823 1855 2859 πολλῷ

377 2866 393 2884 0
416 2863 502 2893 Fast.
529 2862 655 2893 Hellen.
682 2864 829 2903 Appeud.
857 2873 908 2894 20.
940 2874 968 2904 p.
1000 2873 1058 2903 355
1127 2862 1238 2901 μείζων
1256 2863 1344 2893 ἐστὶν
1359 2863 1436 2901 ἤπερ
1458 2861 1477 2897 ἡ
1495 2861 1612 2891 ἐκείνου
1630 2861 1785 2900 ἀπόφασις
1802 2864 1853 2893 αὐ-

334 2912 383 2943 sq.
1128 2906 1181 2936 τὸς
1208 2907 1223 2935 ὁ
1250 2904 1492 2944 Ἀριστογείτων
1519 2904 1722 2943 ἀνομολογῶν
1748 2910 1852 2942 Δημο-

379 2948 396 2971 d
423 2947 505 2976 Bibl.
523 2947 598 2977 Cod.
618 2947 689 2985 265.
706 2958 737 2986 p.
752 2957 811 2987 491
833 2949 874 2977 A.
907 2948 966 2978 εἶσὶ
984 2947 1016 2978 δὲ
1033 2949 1061 2978 οἳ
1129 2947 1242 2984 σθένην
1267 2948 1334 2977 κατ’
1360 2948 1454 2977 αὐτοῦ
1483 2945 1685 2986 γεγραφέναι·
1718 2947 1767 2977 καὶ
1793 2948 1853 2987 γὰρ

336 2988 385 3018 καὶ
401 2988 473 3019 τοὺς
490 2988 541 3019 δύο
553 2989 626 3020 τοὺς
642 2989 722 3019 κατὰ
735 2990 1006 3028 Ἀριστογείτονος
1023 2991 1062 3021 ὡς
1129 2989 1380 3028 ἀπολογούμενος
1396 2990 1450 3020 οὐκ
1468 2990 1500 3019 ἐν
1516 2991 1560 3027 τῷ
1581 2990 1722 3030 παρέργῳ
1738 2988 1852 3029 λέγων,
