1997 3256
528 183 854 225 ADVERSUS
886 184 1345 224 ANDROTIONEM.
1606 187 1683 228 87]

175 291 384 340 ἀπαγωγῆς
402 291 458 341 (v.
473 303 512 342 p.
530 291 622 340 746,
648 289 714 339 1.),
732 290 893 330 aerario
915 303 1031 329 reum
1051 290 1222 337 factum.
1237 290 1290 330 ab
1312 288 1605 329 undeeimviris
1622 288 1685 328 vel

173 359 199 385 a
220 350 367 385 senatu
389 344 451 384 vel
471 359 497 385 a
524 345 820 385 theslnothetis
844 346 1051 398 tantisper
1077 345 1291 385 custodiae
1316 345 1562 385 mandatum
1582 358 1684 392 esse⁷

173 401 302 440 donee
328 401 415 454 ejus
443 414 591 441 caussa
611 401 664 441 ad
685 401 882 454 populum
910 402 1136 440 referretur
1159 402 1212 441 ab
1233 415 1363 454 eoque
1387 399 1686 453 ju‹liearetur.”

174 456 254 496 Sed
278 456 328 496 de
357 457 518 506 ἐνδείξει
545 471 680 496 sermo
708 471 796 496 esse
825 471 906 496 11011
933 461 1074 510 potest
1102 462 1158 509 (v.
1190 456 1337 496 Meier.
1366 457 1417 496 de
1443 456 1515 495 lite
1538 455 1687 496 Attica

171 527 209 565 p.
235 514 350 565 243.)
373 512 557 552 omnium
581 513 750 552 minime
777 513 827 553 de
857 514 1060 567 ἀπαγωγῇ.
1121 512 1214 563 Qua
1241 526 1287 551 re
1313 512 1490 550 Andron
1522 511 1687 551 debitor

170 569 322 608 aerarii
353 568 488 608 faetus
520 568 575 609 sit
601 569 828 609 neseilnus:
872 569 945 608 sed
976 569 1074 622 quid
1106 572 1250 608 orator
1281 567 1392 607 dieat
1423 581 1517 607 011111
1552 580 1686 619 110(1110

171 625 367 664 ἀποδόντα
402 638 534 678 110(1110
571 625 748 675 κριθέντα
780 624 988 678 aufugisse
1022 623 1141 663 facile
1173 627 1318 676 patet:
1363 623 1543 662 Andron
1577 622 1686 661 enim

170 680 359 720 debitum
394 695 528 733 neque
560 685 709 734 sponte
745 680 866 720 solvit
901 694 1035 733 neque
1070 694 1095 719 a
1124 678 1282 732 judicio
1315 692 1563 731 quoeunque
1596 678 1686 730 ejus

171 750 333 781 nomen,
355 741 430 776 aut
452 737 548 790 (111111
569 737 748 776 solverat
769 740 844 776 aut
865 736 961 789 quia
982 735 1122 775 debito
1151 734 1353 775 liberatus
1375 738 1478 782 erat,
1502 733 1687 773 deletum

171 800 248 832 est.
282 792 466 832 FUNK.

228 849 323 895 610,
352 859 412 899 17.
442 847 753 898 Σινώπην-καὶ
780 846 1080 899 Φανοστράτην]
1119 844 1276 886 Citavit
1304 843 1620 899 Harpocration
1649 859 1685 884 V.

171 905 326 953 Σινώπη
348 908 391 944 et
410 919 446 944 v.
469 903 740 955 Φανοστράτη.
765 902 960 942 REISK.
1005 902 1114 942 Item
1128 901 1376 942 Athenaeus
1401 915 1414 941 1
1424 914 1464 955 3.
1479 917 1518 955 p.
1531 901 1586 954 58
1589 911 1614 954 5
1634 900 1683 942 F.

172 959 425 1000 SGHAEF.

226 1014 558 1068 προσηνεχύραζε]
581 1014 775 1055 Budaeus
801 1014 1009 1068 explieat:
1034 1014 1212 1068 pismora
1242 1014 1342 1067 cepit
1359 1027 1439 1067 pro
1467 1013 1685 1054 collatione.

169 1086 210 1124 p.
233 1074 330 1123 762.
355 1072 399 1111 οὐ
420 1072 494 1123 γάρ
516 1072 600 1111 ἐστι
621 1073 686 1121 τῆς
709 1071 822 1120 αὐτῆς
847 1073 978 1122 ψυχῆς
997 1069 1260 1121 Ἀνδροτίωνα
1284 1071 1357 1120 μὲν
1379 1069 1441 1109 καὶ
1462 1070 1688 1119 Γλαυκέτην

171 1128 232 1167 καὶ
254 1127 506 1168 Μελάνωπον
528 1128 670 1173 ἐλεεῖν,
694 1127 717 1167 ἃ
735 1127 954 1179 κλέψαντες
977 1126 1085 1179 εἶχον
1107 1128 1141 1166 εἰ
1162 1125 1439 1176 καταθήσουσι,
1464 1127 1624 1166 τουτωνὶ
1645 1127 1687 1166 δὲ

169 1185 367 1224 τοσούτων
389 1185 513 1223 ὄντων
539 1183 601 1223 καὶ
626 1187 701 1222 τῶν
728 1184 863 1222 ἄλλων
893 1187 1072 1228 πολιτῶν,
1099 1184 1152 1222 ὧν
1180 1183 1242 1222 ἐπὶ
1267 1184 1335 1224 τὰς
1361 1183 1483 1224 οἰκίας
1511 1182 1687 1232 ἐβάδιζες

170 1240 220 1279 σὺ
246 1240 334 1282 τοὺς
365 1240 502 1280 ἕνδεκα
529 1240 591 1279 καὶ
616 1240 702 1281 τοὺς
729 1239 943 1280 ἀποδέκτας
974 1240 1077 1291 ἔχων
1109 1238 1170 1278 καὶ
1193 1238 1281 1279 τοὺς
1306 1238 1509 1289 ὑπηρέτας,
1539 1238 1688 1288 μηδένα

169 1296 315 1335 πώποτ’
352 1297 525 1346 ἐλεῆσαι,
563 1296 670 1335 ἀλλὰ
706 1296 821 1346 θύρας
856 1296 1040 1346 ἀφαιρεῖν
1077 1296 1138 1335 καὶ
1174 1292 1366 1344 στρώμαθ’
1401 1295 1584 1334 ὑποσπᾶν
1626 1295 1687 1334 καὶ

169 1352 361 1400 διάκονον,
390 1354 426 1392 εἴ
450 1369 505 1393 τις
536 1352 688 1404 ἐχρῆτο,
717 1352 858 1401 ταύτην
890 1350 1148 1403 ἐνεχυράζειν.
1212 1349 1275 1389 Ibi
1306 1349 1434 1404 igitur
1465 1350 1516 1389 (le
1549 1349 1687 1389 Timo-

169 1412 286 1448 erate
312 1412 540 1448 narrantur
560 1421 665 1460 quae
696 1406 763 1446 hie
785 1406 996 1446 Androtio
1018 1406 1163 1447 fecisse
1185 1405 1350 1446 dieitur.
1412 1406 1590 1446 Munere
1616 1406 1686 1446 illo

169 1463 278 1503 enim
300 1478 383 1504 una
403 1463 535 1504 functi
556 1468 667 1503 sunt.
702 1462 826 1502 FUN
833 1463 886 1503 K.

226 1522 271 1559 61
289 1534 321 1569 1,
350 1534 383 1560 1.
407 1520 565 1572 ἑαυτὸν]
591 1519 888 1559 Revocandum
909 1518 1021 1572 qnod
1042 1518 1084 1557 in
1105 1517 1196 1558 aliis
1216 1517 1331 1558 libris
1353 1523 1417 1558 est
1439 1518 1570 1558 αὐτόν.

226 1579 321 1624 611,
347 1588 412 1617 22.
443 1577 640 1625 Λεπτίνην
660 1575 730 1615 τὸν
751 1577 792 1615 ἐκ
821 1576 984 1628 Κοίλης]
1013 1574 1211 1627 Leptines
1237 1574 1303 1614 hie
1325 1578 1466 1614 utrum
1494 1574 1604 1614 idem
1632 1573 1688 1614 sit

167 1637 315 1673 eontra
346 1646 468 1685 quem
495 1631 731 1672 orationem
758 1631 907 1672 habuit
929 1631 1233 1671 Demosthenes
1260 1645 1314 1671 an
1342 1630 1447 1670 alius
1478 1645 1561 1669 non
1592 1644 1687 1670 eon-

168 1693 268 1729 stat.
331 1688 410 1729 Est
441 1702 537 1728 vero
569 1688 679 1728 idem
711 1688 829 1741 eujus
865 1687 1012 1727 haeres
1048 1691 1305 1727 memoratur
1343 1686 1384 1726 in
1416 1686 1687 1740 inscriptione

168 1744 303 1785 navali
325 1759 351 1784 a
372 1744 584 1784 Boeekhio
607 1744 722 1784 edita
743 1759 783 1797 p.
804 1756 901 1797 377,
924 1745 1022 1797 378.
1049 1742 1114 1783 his
1136 1743 1285 1791 verbis,
1308 1745 1501 1783 Λεπτίνου
1529 1745 1571 1782 ἐκ
1599 1744 1688 1782 Κοί-

167 1806 239 1850 λης
276 1803 513 1852 κληρονόμος
537 1800 785 1851 Ὀνομακλῆς
810 1799 1043 1850 Ἑκάληθεν,
1077 1799 1147 1839 ubi
1184 1799 1234 1839 (10
1268 1798 1512 1839 trierarehis
1547 1799 1689 1852 agitur

169 1857 334 1911 Olymp.
372 1858 462 1905 108,
496 1870 696 1909 4.——-109‚
730 1870 770 1910 3.
819 1870 871 1896 ex
912 1870 993 1909 (1110
1034 1855 1224 1909 sequitur
1265 1869 1359 1895 011111
1395 1855 1533 1908 paullo
1573 1854 1688 1908 prius

167 1913 403 1953 decessisse.

227 1971 321 2017 611,
347 1980 412 2023 25.
433 1968 502 2008 τὸν
529 1968 732 2008 Τελέστου
759 1967 987 2021 νεανίσκον]
1012 1967 1079 2008 Sic
1110 1967 1237 2007 Plato
1269 1966 1397 2021 Gorg.
1424 1981 1465 2020 p.
1492 1967 1590 2018 481.
1619 1966 1687 2006 τὸν

170 2025 450 2076 Πυριλάμπους
471 2027 644 2064 νεανίαν.
678 2024 930 2064 SGHAEF.

225 2084 320 2129 611,
344 2093 409 2132 27,
439 2081 507 2120 οὐκ
537 2080 606 2119 οἶδ’
635 2082 670 2120 εἴ
699 2097 786 2120 τινα
816 2081 911 2131 ὑπὲρ
942 2083 1044 2130 μνᾶν
1071 2078 1303 2132 ὀφείλοντα]
1334 2079 1526 2119 Fuerunt
1558 2078 1688 2132 igitur

166 2135 329 2177 tributa
358 2136 428 2177 illa
456 2135 709 2176 Androtioni
741 2150 823 2175 non
854 2136 1057 2190 exigenda
1088 2135 1166 2175 nisi
1197 2136 1251 2175 ab
1283 2135 1440 2175 civibus
1471 2135 1688 2188 pauperio-

166 2193 305 2232 ribus:
339 2208 375 2233 v.
400 2192 582 2232 Boeekh.
606 2192 758 2232 Oeeon.
782 2192 938 2232 Athen.
962 2192 1039 2232 vol.
1065 2205 1099 2239 2,
1122 2206 1162 2245 1).
1186 2193 1253 2231 68.

225 2251 320 2298 612,
343 2262 382 2302 3.
410 2249 453 2288 τὸ
477 2249 589 2288 ἕκτον
615 2248 732 2299 μέρος
760 2248 980 2301 εἰσφέρειν]
1017 2248 1054 2287 Ι.
1083 2262 1118 2288 0.
1149 2249 1191 2288 ἐκ
1221 2250 1288 2287 τοῦ
1316 2250 1381 2297 τῆς
1410 2247 1545 2288 οὐσίας
1574 2247 1685 2287 ἕκτου

166 2305 319 2355 μέρους,
342 2308 410 2344 τοῦ
436 2309 513 2344 τῶν
535 2305 725 2355 μετοίκων
745 2305 966 2355 τιμήματος,
993 2304 1186 2356 ἐκφέρειν.
1250 2303 1306 2343 V.
1325 2303 1510 2342 Boeckh.
1533 2303 1687 2342 OCOOH.

167 2361 329 2401 Athen.
352 2361 427 2401 vol.
455 2373 489 2400 2.
512 2375 552 2414 p.
573 2372 626 2414 53
650 2365 692 2400 et
716 2372 781 2413 77.
815 2360 999 2399 FUNK.

226 2419 321 2465 612,
336 2429 376 2471 5.
397 2420 465 2456 τοῦ
486 2419 526 2456 δὲ
547 2418 615 2456 τὸν
635 2416 785 2467 πατέρα
805 2415 1068 2468 ἡταιρηκέναι]
1098 2415 1214 2456 Citat
1236 2415 1276 2454 h.
1293 2414 1318 2454 l.
1342 2414 1489 2453 Thom.
1516 2414 1577 2454 M.
1600 2428 1632 2454 S.
1651 2429 1686 2454 v.

169 2474 303 2524 ἑταίρα
324 2488 363 2526 p.
385 2474 482 2526 376.
504 2476 705 2525 tanquam
728 2486 778 2511 ex
800 2472 990 2512 oratione
1011 2486 1087 2524 pro
1110 2471 1287 2511 Corona.
1320 2469 1514 2509 REISK.

227 2531 271 2568 61
286 2542 324 2576 2,
341 2540 377 2581 7.
395 2531 434 2578 ἐξ
452 2527 591 2581 ἀρχῆς]
607 2527 672 2567 Ab
695 2528 822 2576 initio,
838 2527 878 2567 h.
894 2542 929 2566 e.
945 2542 995 2567 ex
1012 2541 1093 2580 (1110
1111 2526 1252 2581 potuit
1272 2526 1476 2579 rempubl.
1490 2525 1686 2579 peculari.

170 2585 298 2624 Plene
319 2586 406 2626 τοὺς
427 2587 474 2624 τὰ
496 2586 605 2624 κοινὰ
625 2584 932 2635 ὑφαιρουμένους
952 2598 992 2637 1).
1016 2594 1112 2637 753,
1137 2586 1200 2624 28.
1235 2581 1488 2623 SCHAEF.

224 2641 293 2680 τὸν
320 2643 360 2680 δὲ
387 2641 429 2680 τὸ
458 2641 582 2693 δεῖνα]
618 2639 738 2680 Haec
766 2639 824 2679 sie
852 2640 1057 2679 resolvas:
1091 2639 1160 2678 τὸν
1189 2640 1243 2684 δὲ,
1270 2639 1328 2677 ὅτι
1358 2638 1402 2677 τὸ
1429 2640 1537 2677 δεῖνα
1568 2637 1687 2677 αὐτὸν

168 2697 250 2737 εἶπε
280 2697 410 2750 (qnod
439 2696 684 2736 eliciendum
710 2709 761 2735 ex
788 2696 863 2745 ἔφη
893 2710 928 2735 v.
956 2698 1013 2747 2.)
1042 2695 1110 2734 τὸν
1137 2696 1190 2743 δὲ,
1217 2695 1275 2734 ὅτι
1303 2695 1578 2745 ὁμοῦ-κακὰ,
1603 2695 1687 2743 ἑξῆς

168 2754 342 2795 ἅπαντας
363 2756 599 2804 κακηγορῶν.
632 2751 891 2791 SCHAEF.

225 2812 321 2855 612,
353 2821 418 2849 21.
460 2811 479 2848 ὁ
522 2812 596 2848 τῶν
637 2809 806 2858 νεωρίων
847 2806 1092 2859 ἐπιμελητὴς]
1135 2805 1294 2845 Aneed.
1336 2805 1469 2845 Bekk.
1506 2819 1546 2857 p.
1577 2804 1657 2844 282
1676 2837 1684 2844 .

171 2866 355 2916 Νεωρίων
383 2865 519 2917 ἀρχήν·
553 2864 601 2915 ἦν
629 2865 697 2904 οὖν
723 2881 778 2905 τις
810 2864 955 2915 ἄρχων,
984 2862 1026 2903 ὃς
1054 2863 1283 2911 ἐπεμελεῖτο
1316 2865 1393 2901 τῶν
1425 2862 1593 2912 νεωρίων
1624 2862 1685 2901 καὶ

170 2925 244 2961 τῶν
264 2924 508 2971 σκευοθηκῶν
531 2921 589 2960 καὶ
609 2920 764 2961 πάντων
786 2923 861 2959 τῶν
883 2919 969 2970 περὶ
990 2920 1056 2959 τὰς
1078 2920 1169 2960 ναῦς
1191 2921 1354 2958 σκευῶν.
1391 2916 1538 2956 Plures
1559 2916 1684 2957 fuisse
