<?xml version="1.0" encoding="UTF-8"?>
<!DOCTYPE html PUBLIC "-//W3C//DTD XHTML 1.0 Transitional//EN"
    "http://www.w3.org/TR/xhtml1/DTD/xhtml1-transitional.dtd">
<html xmlns="http://www.w3.org/1999/xhtml" xml:lang="en" lang="en">
 <head>
  <title>
</title>
<meta http-equiv="Content-Type" content="text/html;charset=utf-8" />
  <meta name='ocr-system' content='tesseract 3.04.00' />
  <meta name='ocr-capabilities' content='ocr_page ocr_carea ocr_par ocr_line ocrx_word'/>
</head>
<body>
  <div class='ocr_page' id='page_1' title='image "./operaexrecension06demouoft/operaexrecension06demouoft_0129.png"; bbox 0 0 1997 3256; ppageno 0'>
   <div class='ocr_carea' id='block_1_1' title="bbox 533 158 1638 205">
    <p class='ocr_par' dir='ltr' id='par_1_1' title="bbox 533 158 1638 205">
     <span class='ocr_line' id='line_1_1' title="bbox 533 158 1638 205; baseline 0.005 -8"><span class='ocrx_word' id='word_1_1' title='bbox 533 158 854 200; x_wconf 75' lang='lat' dir='ltr'>ADVERSUS</span> <span class='ocrx_word' id='word_1_2' title='bbox 889 160 1220 201; x_wconf 78' lang='lat' dir='ltr'>LEPTINEM.</span> <span class='ocrx_word' id='word_1_3' title='bbox 1555 164 1638 205; x_wconf 75' lang='lat'>715</span> 
     </span>
    </p>
   </div>
   <div class='ocr_carea' id='block_1_2' title="bbox 110 258 1637 2988">
    <p class='ocr_par' dir='ltr' id='par_1_2' title="bbox 117 258 1637 534">
     <span class='ocr_line' id='line_1_2' title="bbox 118 258 1636 311; baseline 0.003 -15"><span class='ocrx_word' id='word_1_4' title='bbox 118 271 245 310; x_wconf 85' lang='lat' dir='ltr'>supra</span> <span class='ocrx_word' id='word_1_5' title='bbox 276 261 550 297; x_wconf 78' lang='lat' dir='ltr'>memoratam</span> <span class='ocrx_word' id='word_1_6' title='bbox 578 258 686 302; x_wconf 87' lang='lat' dir='ltr'>tulit</span> <span class='ocrx_word' id='word_1_7' title='bbox 716 258 902 306; x_wconf 77' lang='lat' dir='ltr'>leoitima</span> <span class='ocrx_word' id='word_1_8' title='bbox 932 260 1012 300; x_wconf 87' lang='lat' dir='ltr'>fuit</span> <span class='ocrx_word' id='word_1_9' title='bbox 1040 260 1217 311; x_wconf 81' lang='lat' dir='ltr'>triointa</span> <span class='ocrx_word' id='word_1_10' title='bbox 1247 275 1450 300; x_wconf 84' lang='lat' dir='ltr'>annorum</span> <span class='ocrx_word' id='word_1_11' title='bbox 1481 266 1636 303; x_wconf 83' lang='lat' dir='ltr'>aetate.</span> 
     </span>
     <span class='ocr_line' id='line_1_3' title="bbox 117 294 1637 370; baseline 0.002 -18"><span class='ocrx_word' id='word_1_12' title='bbox 117 313 235 352; x_wconf 85' lang='lat' dir='ltr'>facile</span> <span class='ocrx_word' id='word_1_13' title='bbox 265 312 498 365; x_wconf 85' lang='lat' dir='ltr'>computari</span> <span class='ocrx_word' id='word_1_14' title='bbox 527 318 666 366; x_wconf 78' lang='lat' dir='ltr'>potest</span> <span class='ocrx_word' id='word_1_15' title='bbox 697 328 790 353; x_wconf 86' lang='lat' dir='ltr'>eum</span> <span class='ocrx_word' id='word_1_16' title='bbox 820 320 1021 368; x_wconf 80' lang='lat' dir='ltr'>quattuor</span> <span class='ocrx_word' id='word_1_17' title='bbox 1052 294 1219 355; x_wconf 82' lang='lat' dir='ltr'>eiiciter</span> <span class='ocrx_word' id='word_1_18' title='bbox 1248 331 1380 356; x_wconf 77' lang='lat' dir='ltr'>annos</span> <span class='ocrx_word' id='word_1_19' title='bbox 1410 305 1637 370; x_wconf 79' lang='lat' dir='ltr'>antequam</span> 
     </span>
     <span class='ocr_line' id='line_1_4' title="bbox 117 368 1635 412; baseline 0.002 -4"><span class='ocrx_word' id='word_1_20' title='bbox 117 368 349 408; x_wconf 81' lang='lat' dir='ltr'>orationem</span> <span class='ocrx_word' id='word_1_21' title='bbox 371 368 420 407; x_wconf 89' lang='lat' dir='ltr'>de</span> <span class='ocrx_word' id='word_1_22' title='bbox 444 382 597 408; x_wconf 85' lang='lat' dir='ltr'>corona</span> <span class='ocrx_word' id='word_1_23' title='bbox 625 369 837 457; x_wconf 47' lang='lat' dir='ltr'>sclibe·01et</span> <span class='ocrx_word' id='word_1_24' title='bbox 847 371 1151 411; x_wconf 60' lang='lat' dir='ltr'>Dunosthcnos</span> <span class='ocrx_word' id='word_1_25' title='bbox 1173 377 1384 411; x_wconf 85' lang='lat' dir='ltr'>mortuum</span> <span class='ocrx_word' id='word_1_26' title='bbox 1410 387 1514 412; x_wconf 83' lang='lat' dir='ltr'>esse.</span> <span class='ocrx_word' id='word_1_27' title='bbox 1583 373 1635 412; x_wconf 75' lang='lat' dir='ltr'>V.</span> 
     </span>
     <span class='ocr_line' id='line_1_5' title="bbox 118 424 1637 480; baseline 0.003 -17"><span class='ocrx_word' id='word_1_28' title='bbox 118 424 350 464; x_wconf 85' lang='lat' dir='ltr'>Rehdantz.</span> <span class='ocrx_word' id='word_1_29' title='bbox 376 424 465 464; x_wconf 75' lang='lat' dir='ltr'>Vit.</span> <span class='ocrx_word' id='word_1_30' title='bbox 498 424 721 477; x_wconf 76' lang='lat' dir='ltr'>Iphicratis</span> <span class='ocrx_word' id='word_1_31' title='bbox 755 441 792 479; x_wconf 88' lang='lat' dir='ltr'>p.</span> <span class='ocrx_word' id='word_1_32' title='bbox 819 438 911 480; x_wconf 86' lang='grc'>223.</span> <span class='ocrx_word' id='word_1_33' title='bbox 945 433 985 466; x_wconf 82' lang='lat' dir='ltr'>et</span> <span class='ocrx_word' id='word_1_34' title='bbox 1017 428 1121 466; x_wconf 82' lang='lat' dir='ltr'>Ar.n</span> <span class='ocrx_word' id='word_1_35' title='bbox 1157 427 1364 467; x_wconf 79' lang='lat' dir='ltr'>Schaeser</span> <span class='ocrx_word' id='word_1_36' title='bbox 1395 427 1435 466; x_wconf 87' lang='lat' dir='ltr'>in</span> <span class='ocrx_word' id='word_1_37' title='bbox 1469 428 1637 467; x_wconf 82' lang='lat' dir='ltr'>Schnei-</span> 
     </span>
     <span class='ocr_line' id='line_1_6' title="bbox 117 479 797 534; baseline 0.003 -16"><span class='ocrx_word' id='word_1_38' title='bbox 117 479 218 519; x_wconf 86' lang='lat' dir='ltr'>dew.</span> <span class='ocrx_word' id='word_1_39' title='bbox 243 480 458 534; x_wconf 78' lang='lat' dir='ltr'>Philologo</span> <span class='ocrx_word' id='word_1_40' title='bbox 480 481 558 520; x_wconf 86' lang='lat' dir='ltr'>vol.</span> <span class='ocrx_word' id='word_1_41' title='bbox 586 495 616 520; x_wconf 95' lang='lat'>1.</span> <span class='ocrx_word' id='word_1_42' title='bbox 640 495 677 533; x_wconf 87' lang='lat' dir='ltr'>p.</span> <span class='ocrx_word' id='word_1_43' title='bbox 706 495 797 529; x_wconf 76' lang='lat'><em>&#39;2¹4-</em></span> 
     </span>
    </p>

    <p class='ocr_par' dir='ltr' id='par_1_3' title="bbox 172 535 863 589">
     <span class='ocr_line' id='line_1_7' title="bbox 172 535 863 589; baseline 0.003 -14"><span class='ocrx_word' id='word_1_44' title='bbox 172 549 269 589; x_wconf 82' lang='lat'>501,</span> <span class='ocrx_word' id='word_1_45' title='bbox 296 538 361 575; x_wconf 76' lang='lat'>26.</span> <span class='ocrx_word' id='word_1_46' title='bbox 386 535 453 589; x_wconf 77' lang='grc' dir='ltr'>ἂν]</span> <span class='ocrx_word' id='word_1_47' title='bbox 478 550 586 575; x_wconf 77' lang='lat'>7777777.</span> <span class='ocrx_word' id='word_1_48' title='bbox 612 537 863 577; x_wconf 58' lang='lat' dir='ltr'>seir-AER</span> 
     </span>
    </p>

    <p class='ocr_par' dir='ltr' id='par_1_4' title="bbox 115 591 1637 1029">
     <span class='ocr_line' id='line_1_8' title="bbox 172 591 1636 645; baseline 0.003 -15"><span class='ocrx_word' id='word_1_49' title='bbox 172 605 269 644; x_wconf 85' lang='grc'>501,</span> <span class='ocrx_word' id='word_1_50' title='bbox 297 595 360 630; x_wconf 85' lang='grc'>28.</span> <span class='ocrx_word' id='word_1_51' title='bbox 383 591 551 645; x_wconf 78' lang='grc' dir='ltr'>δωρεὰν]</span> <span class='ocrx_word' id='word_1_52' title='bbox 578 592 634 631; x_wconf 90' lang='lat' dir='ltr'>H.</span> <span class='ocrx_word' id='word_1_53' title='bbox 658 593 681 632; x_wconf 88' lang='lat' dir='ltr'>l.</span> <span class='ocrx_word' id='word_1_54' title='bbox 707 598 771 632; x_wconf 83' lang='lat' dir='ltr'>est</span> <span class='ocrx_word' id='word_1_55' title='bbox 797 593 1025 640; x_wconf 76' lang='lat' dir='ltr'>dem-etum,</span> <span class='ocrx_word' id='word_1_56' title='bbox 1049 607 1131 645; x_wconf 90' lang='lat' dir='ltr'>quo</span> <span class='ocrx_word' id='word_1_57' title='bbox 1154 593 1362 633; x_wconf 81' lang='lat' dir='ltr'>Chabriae</span> <span class='ocrx_word' id='word_1_58' title='bbox 1385 594 1515 634; x_wconf 86' lang='lat' dir='ltr'>delati</span> <span class='ocrx_word' id='word_1_59' title='bbox 1538 599 1636 634; x_wconf 80' lang='lat' dir='ltr'>sunt</span> 
     </span>
     <span class='ocr_line' id='line_1_9' title="bbox 116 647 1635 700; baseline 0.001 -14"><span class='ocrx_word' id='word_1_60' title='bbox 116 647 306 686; x_wconf 86' lang='lat' dir='ltr'>honores.</span> <span class='ocrx_word' id='word_1_61' title='bbox 341 647 533 687; x_wconf 73' lang='lat' dir='ltr'>REISK.</span> <span class='ocrx_word' id='word_1_62' title='bbox 598 648 653 686; x_wconf 85' lang='lat' dir='ltr'>ll.</span> <span class='ocrx_word' id='word_1_63' title='bbox 678 664 710 687; x_wconf 89' lang='grc'>0.</span> <span class='ocrx_word' id='word_1_64' title='bbox 741 649 965 688; x_wconf 69' lang='lat' dir='ltr'>universam</span> <span class='ocrx_word' id='word_1_65' title='bbox 995 649 1256 695; x_wconf 71' lang='lat' dir='ltr'>(loncllc&#39;mzem,</span> <span class='ocrx_word' id='word_1_66' title='bbox 1281 650 1473 700; x_wconf 70' lang='lat' dir='ltr'>praemia</span> <span class='ocrx_word' id='word_1_67' title='bbox 1503 650 1635 689; x_wconf 64' lang='lat'>0777777&#39;77</span> 
     </span>
     <span class='ocr_line' id='line_1_10' title="bbox 119 702 1637 757; baseline 0.001 -15"><span class='ocrx_word' id='word_1_68' title='bbox 119 702 316 743; x_wconf 70' lang='lat' dir='ltr'>Chabriae</span> <span class='ocrx_word' id='word_1_69' title='bbox 337 703 380 742; x_wconf 77' lang='lat' dir='ltr'>ol)</span> <span class='ocrx_word' id='word_1_70' title='bbox 403 718 463 742; x_wconf 68' lang='lat' dir='ltr'>res</span> <span class='ocrx_word' id='word_1_71' title='bbox 487 703 573 743; x_wconf 63' lang='lat'>(772776</span> <span class='ocrx_word' id='word_1_72' title='bbox 596 710 726 756; x_wconf 50' lang='lat' dir='ltr'>,aestas</span> <span class='ocrx_word' id='word_1_73' title='bbox 753 704 919 743; x_wconf 75' lang='lat' dir='ltr'>decreta.</span> <span class='ocrx_word' id='word_1_74' title='bbox 954 705 1070 744; x_wconf 81' lang='lat' dir='ltr'>Conf.</span> <span class='ocrx_word' id='word_1_75' title='bbox 1092 719 1131 757; x_wconf 90' lang='lat' dir='ltr'>p.</span> <span class='ocrx_word' id='word_1_76' title='bbox 1153 707 1206 755; x_wconf 69' lang='lat'>48</span> <span class='ocrx_word' id='word_1_77' title='bbox 1212 718 1250 756; x_wconf 84' lang='lat'>3.</span> <span class='ocrx_word' id='word_1_78' title='bbox 1311 705 1637 744; x_wconf 71' lang='lat' dir='ltr'>Accusationem</span> 
     </span>
     <span class='ocr_line' id='line_1_11' title="bbox 115 759 1636 814; baseline 0 -15"><span class='ocrx_word' id='word_1_79' title='bbox 115 763 258 799; x_wconf 83' lang='lat' dir='ltr'>autem</span> <span class='ocrx_word' id='word_1_80' title='bbox 293 759 399 798; x_wconf 83' lang='lat' dir='ltr'>hanc</span> <span class='ocrx_word' id='word_1_81' title='bbox 436 759 611 811; x_wconf 76' lang='lat' dir='ltr'>conjicio</span> <span class='ocrx_word' id='word_1_82' title='bbox 649 760 830 799; x_wconf 78' lang='lat' dir='ltr'>Chabria</span> <span class='ocrx_word' id='word_1_83' title='bbox 870 760 1006 799; x_wconf 84' lang='lat' dir='ltr'>adhuc</span> <span class='ocrx_word' id='word_1_84' title='bbox 1043 759 1134 799; x_wconf 89' lang='lat' dir='ltr'>vivo</span> <span class='ocrx_word' id='word_1_85' title='bbox 1175 761 1341 807; x_wconf 76' lang='lat' dir='ltr'>factam,</span> <span class='ocrx_word' id='word_1_86' title='bbox 1378 761 1636 814; x_wconf 78' lang='lat' dir='ltr'>eandemque</span> 
     </span>
     <span class='ocr_line' id='line_1_12' title="bbox 117 815 1637 869; baseline 0.001 -15"><span class='ocrx_word' id='word_1_87' title='bbox 117 829 217 862; x_wconf 72' lang='lat' dir='ltr'>esse,</span> <span class='ocrx_word' id='word_1_88' title='bbox 248 815 366 867; x_wconf 82' lang='lat' dir='ltr'>cujus</span> <span class='ocrx_word' id='word_1_89' title='bbox 396 815 585 855; x_wconf 78' lang='lat' dir='ltr'>meminit</span> <span class='ocrx_word' id='word_1_90' title='bbox 615 815 867 855; x_wconf 79' lang='lat' dir='ltr'>Aristoteles</span> <span class='ocrx_word' id='word_1_91' title='bbox 898 815 1021 854; x_wconf 72' lang='lat' dir='ltr'>Rhet.</span> <span class='ocrx_word' id='word_1_92' title='bbox 1050 829 1083 859; x_wconf 86' lang='grc' dir='ltr'>Ι,</span> <span class='ocrx_word' id='word_1_93' title='bbox 1109 828 1162 866; x_wconf 83' lang='grc'><strong>7.,</strong></span> <span class='ocrx_word' id='word_1_94' title='bbox 1183 815 1324 855; x_wconf 84' lang='lat' dir='ltr'>forsan</span> <span class='ocrx_word' id='word_1_95' title='bbox 1352 816 1481 855; x_wconf 82' lang='lat' dir='ltr'>etiam</span> <span class='ocrx_word' id='word_1_96' title='bbox 1509 816 1637 869; x_wconf 84' lang='lat' dir='ltr'>perti-</span> 
     </span>
     <span class='ocr_line' id='line_1_13' title="bbox 117 870 1634 924; baseline 0.001 -14"><span class='ocrx_word' id='word_1_97' title='bbox 117 870 254 910; x_wconf 82' lang='lat' dir='ltr'>nuisse</span> <span class='ocrx_word' id='word_1_98' title='bbox 275 871 329 910; x_wconf 90' lang='lat' dir='ltr'>ad</span> <span class='ocrx_word' id='word_1_99' title='bbox 352 872 457 910; x_wconf 88' lang='lat' dir='ltr'>hanc</span> <span class='ocrx_word' id='word_1_100' title='bbox 487 885 677 910; x_wconf 81' lang='lat' dir='ltr'>caussam</span> <span class='ocrx_word' id='word_1_101' title='bbox 707 871 938 911; x_wconf 86' lang='lat' dir='ltr'>orationem</span> <span class='ocrx_word' id='word_1_102' title='bbox 962 870 1228 924; x_wconf 65' lang='lat' dir='ltr'>Lyeoleontis</span> <span class='ocrx_word' id='word_1_103' title='bbox 1251 871 1476 911; x_wconf 81' lang='lat' dir='ltr'>Chabriam</span> <span class='ocrx_word' id='word_1_104' title='bbox 1498 872 1634 912; x_wconf 87' lang='lat' dir='ltr'>defen-</span> 
     </span>
     <span class='ocr_line' id='line_1_14' title="bbox 116 926 1635 980; baseline 0.001 -15"><span class='ocrx_word' id='word_1_105' title='bbox 116 926 265 975; x_wconf 87' lang='lat' dir='ltr'>dentis,</span> <span class='ocrx_word' id='word_1_106' title='bbox 295 927 346 966; x_wconf 85' lang='lat' dir='ltr'>de</span> <span class='ocrx_word' id='word_1_107' title='bbox 377 941 458 979; x_wconf 85' lang='lat' dir='ltr'>qua</span> <span class='ocrx_word' id='word_1_108' title='bbox 489 927 580 966; x_wconf 83' lang='lat' dir='ltr'>vide</span> <span class='ocrx_word' id='word_1_109' title='bbox 613 927 788 966; x_wconf 88' lang='lat' dir='ltr'>eundem</span> <span class='ocrx_word' id='word_1_110' title='bbox 822 926 1095 966; x_wconf 78' lang='lat' dir='ltr'>Aristotelem</span> <span class='ocrx_word' id='word_1_111' title='bbox 1124 926 1148 966; x_wconf 91' lang='lat' dir='ltr'>l.</span> <span class='ocrx_word' id='word_1_112' title='bbox 1171 942 1205 966; x_wconf 89' lang='lat' dir='ltr'>c.</span> <span class='ocrx_word' id='word_1_113' title='bbox 1227 940 1264 980; x_wconf 79' lang='lat'>3.</span> <span class='ocrx_word' id='word_1_114' title='bbox 1293 940 1351 966; x_wconf 94' lang='grc'>10.</span> <span class='ocrx_word' id='word_1_115' title='bbox 1375 932 1482 967; x_wconf 82' lang='lat' dir='ltr'>extr.</span> <span class='ocrx_word' id='word_1_116' title='bbox 1507 929 1555 967; x_wconf 89' lang='lat' dir='ltr'>F.</span> <span class='ocrx_word' id='word_1_117' title='bbox 1581 929 1635 968; x_wconf 90' lang='lat' dir='ltr'>A.</span> 
     </span>
     <span class='ocr_line' id='line_1_15' title="bbox 118 982 1369 1029; baseline 0.002 -9"><span class='ocrx_word' id='word_1_118' title='bbox 118 982 309 1022; x_wconf 86' lang='lat' dir='ltr'>WOLF.</span> <span class='ocrx_word' id='word_1_119' title='bbox 372 982 465 1021; x_wconf 83' lang='lat' dir='ltr'>Non</span> <span class='ocrx_word' id='word_1_120' title='bbox 487 982 696 1029; x_wconf 72' lang='lat' dir='ltr'>decretum,</span> <span class='ocrx_word' id='word_1_121' title='bbox 721 983 793 1022; x_wconf 86' lang='lat' dir='ltr'>sed</span> <span class='ocrx_word' id='word_1_122' title='bbox 815 982 1078 1022; x_wconf 47' lang='lat' dir='ltr'>donationem&amp;</span> <span class='ocrx_word' id='word_1_123' title='bbox 1113 982 1369 1022; x_wconf 76' lang='lat' dir='ltr'>SUHAEF.</span> 
     </span>
    </p>

    <p class='ocr_par' dir='ltr' id='par_1_5' title="bbox 114 1037 1636 1874">
     <span class='ocr_line' id='line_1_16' title="bbox 173 1037 1636 1093; baseline 0.001 -15"><span class='ocrx_word' id='word_1_124' title='bbox 173 1040 215 1078; x_wconf 84' lang='grc' dir='ltr'>ἐν</span> <span class='ocrx_word' id='word_1_125' title='bbox 245 1037 266 1088; x_wconf 79' lang='grc' dir='ltr'><em>ᾗ</em></span> <span class='ocrx_word' id='word_1_126' title='bbox 298 1037 395 1077; x_wconf 78' lang='grc' dir='ltr'>τοῦτ’</span> <span class='ocrx_word' id='word_1_127' title='bbox 424 1039 566 1083; x_wconf 82' lang='grc' dir='ltr'>ἔνεστι,</span> <span class='ocrx_word' id='word_1_128' title='bbox 597 1038 639 1077; x_wconf 80' lang='grc' dir='ltr'>τὸ</span> <span class='ocrx_word' id='word_1_129' title='bbox 671 1042 736 1088; x_wconf 85' lang='grc' dir='ltr'>τῆς</span> <span class='ocrx_word' id='word_1_130' title='bbox 767 1038 961 1092; x_wconf 85' lang='grc' dir='ltr'>ἀτελείας]</span> <span class='ocrx_word' id='word_1_131' title='bbox 995 1038 1203 1078; x_wconf 84' lang='lat' dir='ltr'>Auctiora</span> <span class='ocrx_word' id='word_1_132' title='bbox 1233 1038 1338 1078; x_wconf 85' lang='lat' dir='ltr'>haec</span> <span class='ocrx_word' id='word_1_133' title='bbox 1368 1039 1565 1093; x_wconf 85' lang='lat' dir='ltr'>leguntur</span> <span class='ocrx_word' id='word_1_134' title='bbox 1594 1041 1636 1080; x_wconf 89' lang='lat' dir='ltr'>in</span> 
     </span>
     <span class='ocr_line' id='line_1_17' title="bbox 115 1094 1633 1148; baseline 0.002 -15"><span class='ocrx_word' id='word_1_135' title='bbox 115 1094 306 1134; x_wconf 87' lang='lat' dir='ltr'>omnibus</span> <span class='ocrx_word' id='word_1_136' title='bbox 328 1094 604 1134; x_wconf 76' lang='lat' dir='ltr'>editionibus:</span> <span class='ocrx_word' id='word_1_137' title='bbox 637 1095 680 1133; x_wconf 86' lang='grc' dir='ltr'>τὸ</span> <span class='ocrx_word' id='word_1_138' title='bbox 706 1097 771 1144; x_wconf 80' lang='grc' dir='ltr'>τῆς</span> <span class='ocrx_word' id='word_1_139' title='bbox 797 1095 988 1140; x_wconf 83' lang='grc' dir='ltr'>ἀτελείας,</span> <span class='ocrx_word' id='word_1_140' title='bbox 1012 1098 1098 1133; x_wconf 85' lang='grc' dir='ltr'>τῶν</span> <span class='ocrx_word' id='word_1_141' title='bbox 1131 1095 1288 1148; x_wconf 83' lang='grc' dir='ltr'>ἐκείνῳ</span> <span class='ocrx_word' id='word_1_142' title='bbox 1320 1112 1360 1134; x_wconf 88' lang='grc' dir='ltr'>τι</span> <span class='ocrx_word' id='word_1_143' title='bbox 1391 1096 1633 1143; x_wconf 83' lang='grc' dir='ltr'>δοθέντων,</span> 
     </span>
     <span class='ocr_line' id='line_1_18' title="bbox 117 1150 1635 1203; baseline 0.001 -13"><span class='ocrx_word' id='word_1_144' title='bbox 117 1151 177 1190; x_wconf 83' lang='grc' dir='ltr'>καὶ</span> <span class='ocrx_word' id='word_1_145' title='bbox 208 1151 304 1201; x_wconf 84' lang='grc' dir='ltr'>πρὸς</span> <span class='ocrx_word' id='word_1_146' title='bbox 334 1152 429 1200; x_wconf 76' lang='grc' dir='ltr'>ὑμᾶς</span> <span class='ocrx_word' id='word_1_147' title='bbox 460 1168 492 1189; x_wconf 91' lang='grc' dir='ltr'><strong>κ.</strong></span> <span class='ocrx_word' id='word_1_148' title='bbox 512 1167 544 1189; x_wconf 92' lang='grc' dir='ltr'><strong>τ.</strong></span> <span class='ocrx_word' id='word_1_149' title='bbox 565 1156 603 1189; x_wconf 94' lang='grc' dir='ltr'><strong>λ.</strong></span> <span class='ocrx_word' id='word_1_150' title='bbox 665 1150 731 1189; x_wconf 79' lang='lat' dir='ltr'>Ex</span> <span class='ocrx_word' id='word_1_151' title='bbox 758 1150 906 1203; x_wconf 85' lang='lat' dir='ltr'>quibus</span> <span class='ocrx_word' id='word_1_152' title='bbox 934 1150 1057 1203; x_wconf 84' lang='lat' dir='ltr'>rejeci</span> <span class='ocrx_word' id='word_1_153' title='bbox 1088 1155 1272 1203; x_wconf 90' lang='lat' dir='ltr'>quatuor</span> <span class='ocrx_word' id='word_1_154' title='bbox 1302 1150 1391 1190; x_wconf 90' lang='lat' dir='ltr'>illas</span> <span class='ocrx_word' id='word_1_155' title='bbox 1422 1166 1557 1200; x_wconf 84' lang='lat' dir='ltr'>voees,</span> <span class='ocrx_word' id='word_1_156' title='bbox 1585 1153 1635 1192; x_wconf 87' lang='lat' dir='ltr'>de</span> 
     </span>
     <span class='ocr_line' id='line_1_19' title="bbox 114 1206 1635 1259; baseline 0.001 -14"><span class='ocrx_word' id='word_1_157' title='bbox 114 1206 438 1259; x_wconf 84' lang='lat' dir='ltr'>interpolatione</span> <span class='ocrx_word' id='word_1_158' title='bbox 474 1206 694 1259; x_wconf 75' lang='lat' dir='ltr'>praecipue</span> <span class='ocrx_word' id='word_1_159' title='bbox 731 1211 975 1259; x_wconf 85' lang='lat' dir='ltr'>suspectas;</span> <span class='ocrx_word' id='word_1_160' title='bbox 1010 1211 1052 1246; x_wconf 87' lang='lat' dir='ltr'>et</span> <span class='ocrx_word' id='word_1_161' title='bbox 1087 1208 1267 1246; x_wconf 81' lang='lat' dir='ltr'>fortasse</span> <span class='ocrx_word' id='word_1_162' title='bbox 1303 1207 1431 1247; x_wconf 86' lang='lat' dir='ltr'>etiam</span> <span class='ocrx_word' id='word_1_163' title='bbox 1467 1208 1557 1255; x_wconf 73' lang='lat' dir='ltr'>hoc,</span> <span class='ocrx_word' id='word_1_164' title='bbox 1593 1209 1635 1247; x_wconf 85' lang='grc' dir='ltr'>τὸ</span> 
     </span>
     <span class='ocr_line' id='line_1_20' title="bbox 115 1262 1636 1316; baseline 0.001 -15"><span class='ocrx_word' id='word_1_165' title='bbox 115 1265 181 1312; x_wconf 85' lang='grc' dir='ltr'>τῆς</span> <span class='ocrx_word' id='word_1_166' title='bbox 203 1264 394 1307; x_wconf 83' lang='grc' dir='ltr'>ἀτελείας,</span> <span class='ocrx_word' id='word_1_167' title='bbox 418 1262 612 1302; x_wconf 82' lang='lat' dir='ltr'>omittere</span> <span class='ocrx_word' id='word_1_168' title='bbox 638 1262 772 1302; x_wconf 81' lang='lat' dir='ltr'>debui.</span> <span class='ocrx_word' id='word_1_169' title='bbox 837 1262 902 1301; x_wconf 82' lang='lat' dir='ltr'>Sic</span> <span class='ocrx_word' id='word_1_170' title='bbox 925 1262 1046 1315; x_wconf 85' lang='lat' dir='ltr'>plane</span> <span class='ocrx_word' id='word_1_171' title='bbox 1068 1262 1200 1302; x_wconf 89' lang='lat' dir='ltr'>visum</span> <span class='ocrx_word' id='word_1_172' title='bbox 1223 1262 1401 1316; x_wconf 87' lang='lat' dir='ltr'>Tayloro</span> <span class='ocrx_word' id='word_1_173' title='bbox 1423 1268 1465 1303; x_wconf 88' lang='lat' dir='ltr'>et</span> <span class='ocrx_word' id='word_1_174' title='bbox 1490 1264 1636 1304; x_wconf 85' lang='lat' dir='ltr'>Mark-</span> 
     </span>
     <span class='ocr_line' id='line_1_21' title="bbox 114 1317 1636 1372; baseline 0.001 -15"><span class='ocrx_word' id='word_1_175' title='bbox 114 1318 251 1358; x_wconf 86' lang='lat' dir='ltr'>lando.</span> <span class='ocrx_word' id='word_1_176' title='bbox 315 1318 516 1371; x_wconf 71' lang='lat' dir='ltr'>Displicet</span> <span class='ocrx_word' id='word_1_177' title='bbox 556 1318 781 1358; x_wconf 80' lang='lat' dir='ltr'>admodum</span> <span class='ocrx_word' id='word_1_178' title='bbox 821 1317 965 1357; x_wconf 81' lang='lat' dir='ltr'>Wolfii</span> <span class='ocrx_word' id='word_1_179' title='bbox 1008 1318 1129 1366; x_wconf 76' lang='lat' dir='ltr'>ratio,</span> <span class='ocrx_word' id='word_1_180' title='bbox 1168 1332 1292 1372; x_wconf 91' lang='lat' dir='ltr'>quam</span> <span class='ocrx_word' id='word_1_181' title='bbox 1332 1324 1474 1359; x_wconf 84' lang='lat' dir='ltr'>tamen</span> <span class='ocrx_word' id='word_1_182' title='bbox 1510 1334 1636 1359; x_wconf 84' lang='lat' dir='ltr'>unam</span> 
     </span>
     <span class='ocr_line' id='line_1_22' title="bbox 115 1374 1633 1426; baseline 0.002 -14"><span class='ocrx_word' id='word_1_183' title='bbox 115 1374 235 1414; x_wconf 77' lang='lat' dir='ltr'>nobis</span> <span class='ocrx_word' id='word_1_184' title='bbox 262 1374 451 1414; x_wconf 72' lang='lat' dir='ltr'>relictam</span> <span class='ocrx_word' id='word_1_185' title='bbox 481 1374 625 1413; x_wconf 75' lang='lat' dir='ltr'>video:</span> <span class='ocrx_word' id='word_1_186' title='bbox 658 1375 701 1413; x_wconf 82' lang='grc' dir='ltr'>τδ</span> <span class='ocrx_word' id='word_1_187' title='bbox 729 1378 794 1423; x_wconf 83' lang='grc' dir='ltr'>τῆς</span> <span class='ocrx_word' id='word_1_188' title='bbox 821 1375 999 1415; x_wconf 80' lang='grc' dir='ltr'>ἀτελείας</span> <span class='ocrx_word' id='word_1_189' title='bbox 1029 1374 1088 1426; x_wconf 91' lang='lat' dir='ltr'>(h.</span> <span class='ocrx_word' id='word_1_190' title='bbox 1113 1388 1147 1413; x_wconf 88' lang='grc'>0.</span> <span class='ocrx_word' id='word_1_191' title='bbox 1174 1376 1196 1423; x_wconf 85' lang='grc' dir='ltr'>ἡ</span> <span class='ocrx_word' id='word_1_192' title='bbox 1225 1374 1402 1425; x_wconf 84' lang='grc' dir='ltr'>ἀτέλεια)</span> <span class='ocrx_word' id='word_1_193' title='bbox 1427 1376 1462 1414; x_wconf 83' lang='grc' dir='ltr'>τὶ</span> <span class='ocrx_word' id='word_1_194' title='bbox 1489 1375 1633 1426; x_wconf 71' lang='lat' dir='ltr'>(scilic.</span> 
     </span>
     <span class='ocr_line' id='line_1_23' title="bbox 114 1430 1635 1484; baseline 0.002 -16"><span class='ocrx_word' id='word_1_195' title='bbox 114 1430 232 1481; x_wconf 85' lang='grc' dir='ltr'>μέρος</span> <span class='ocrx_word' id='word_1_196' title='bbox 259 1431 378 1480; x_wconf 70' lang='grc' dir='ltr'>οὖσα)</span> <span class='ocrx_word' id='word_1_197' title='bbox 402 1434 478 1469; x_wconf 85' lang='grc' dir='ltr'>τῶν</span> <span class='ocrx_word' id='word_1_198' title='bbox 507 1431 699 1469; x_wconf 78' lang='grc' dir='ltr'>δοθέντων</span> <span class='ocrx_word' id='word_1_199' title='bbox 722 1431 868 1482; x_wconf 81' lang='grc' dir='ltr'>ἐκείνῳ.</span> <span class='ocrx_word' id='word_1_200' title='bbox 933 1430 1075 1482; x_wconf 85' lang='lat' dir='ltr'>Ipsum</span> <span class='ocrx_word' id='word_1_201' title='bbox 1105 1430 1182 1469; x_wconf 89' lang='lat' dir='ltr'>hoc</span> <span class='ocrx_word' id='word_1_202' title='bbox 1211 1431 1356 1483; x_wconf 74' lang='grc' dir='ltr'>ἐκείνῳ,</span> <span class='ocrx_word' id='word_1_203' title='bbox 1386 1431 1525 1470; x_wconf 85' lang='lat' dir='ltr'>nescio</span> <span class='ocrx_word' id='word_1_204' title='bbox 1554 1446 1635 1484; x_wconf 87' lang='lat' dir='ltr'>quo</span> 
     </span>
     <span class='ocr_line' id='line_1_24' title="bbox 115 1485 1635 1539; baseline 0.002 -15"><span class='ocrx_word' id='word_1_205' title='bbox 115 1486 250 1534; x_wconf 81' lang='lat' dir='ltr'>modo,</span> <span class='ocrx_word' id='word_1_206' title='bbox 279 1486 467 1525; x_wconf 80' lang='lat' dir='ltr'>fraudem</span> <span class='ocrx_word' id='word_1_207' title='bbox 495 1486 648 1539; x_wconf 83' lang='lat' dir='ltr'>prodit.</span> <span class='ocrx_word' id='word_1_208' title='bbox 681 1487 716 1525; x_wconf 86' lang='grc' dir='ltr'>τὶ</span> <span class='ocrx_word' id='word_1_209' title='bbox 744 1490 886 1525; x_wconf 85' lang='lat' dir='ltr'>autem</span> <span class='ocrx_word' id='word_1_210' title='bbox 917 1485 958 1524; x_wconf 91' lang='lat' dir='ltr'>in</span> <span class='ocrx_word' id='word_1_211' title='bbox 986 1485 1111 1525; x_wconf 84' lang='lat' dir='ltr'>hacce</span> <span class='ocrx_word' id='word_1_212' title='bbox 1143 1486 1352 1525; x_wconf 78' lang='lat' dir='ltr'>sententia</span> <span class='ocrx_word' id='word_1_213' title='bbox 1380 1487 1433 1526; x_wconf 87' lang='lat' dir='ltr'>ab</span> <span class='ocrx_word' id='word_1_214' title='bbox 1466 1492 1635 1527; x_wconf 87' lang='lat' dir='ltr'>oratore</span> 
     </span>
     <span class='ocr_line' id='line_1_25' title="bbox 114 1541 1635 1595; baseline 0.002 -15"><span class='ocrx_word' id='word_1_215' title='bbox 114 1541 196 1581; x_wconf 90' lang='lat' dir='ltr'>isto</span> <span class='ocrx_word' id='word_1_216' title='bbox 224 1556 345 1581; x_wconf 80' lang='lat' dir='ltr'>sensu</span> <span class='ocrx_word' id='word_1_217' title='bbox 368 1541 464 1595; x_wconf 90' lang='lat' dir='ltr'>poni</span> <span class='ocrx_word' id='word_1_218' title='bbox 495 1542 679 1594; x_wconf 81' lang='lat' dir='ltr'>potuisse</span> <span class='ocrx_word' id='word_1_219' title='bbox 708 1556 829 1581; x_wconf 86' lang='lat' dir='ltr'>nemo</span> <span class='ocrx_word' id='word_1_220' title='bbox 851 1555 1033 1595; x_wconf 88' lang='lat' dir='ltr'>unquam</span> <span class='ocrx_word' id='word_1_221' title='bbox 1062 1541 1163 1580; x_wconf 88' lang='lat' dir='ltr'>mihi</span> <span class='ocrx_word' id='word_1_222' title='bbox 1191 1542 1474 1594; x_wconf 84' lang='lat' dir='ltr'>persuadebit.</span> <span class='ocrx_word' id='word_1_223' title='bbox 1537 1543 1635 1583; x_wconf 84' lang='lat' dir='ltr'>Alia</span> 
     </span>
     <span class='ocr_line' id='line_1_26' title="bbox 115 1597 1635 1660; baseline 0 -23"><span class='ocrx_word' id='word_1_224' title='bbox 115 1611 285 1660; x_wconf 45' lang='lat' dir='ltr'>p-rolsus</span> <span class='ocrx_word' id='word_1_225' title='bbox 316 1598 425 1638; x_wconf 83' lang='lat' dir='ltr'>ratio</span> <span class='ocrx_word' id='word_1_226' title='bbox 457 1603 519 1637; x_wconf 86' lang='lat' dir='ltr'>est</span> <span class='ocrx_word' id='word_1_227' title='bbox 551 1613 589 1651; x_wconf 90' lang='lat' dir='ltr'>p.</span> <span class='ocrx_word' id='word_1_228' title='bbox 612 1609 709 1649; x_wconf 73' lang='lat'>477,</span> <span class='ocrx_word' id='word_1_229' title='bbox 740 1611 798 1649; x_wconf 83' lang='lat'>¹4·</span> <span class='ocrx_word' id='word_1_230' title='bbox 828 1602 871 1637; x_wconf 87' lang='lat' dir='ltr'>et</span> <span class='ocrx_word' id='word_1_231' title='bbox 898 1608 1080 1649; x_wconf 73' lang='lat'>497,17.</span> <span class='ocrx_word' id='word_1_232' title='bbox 1144 1597 1356 1650; x_wconf 85' lang='lat' dir='ltr'>Simulque</span> <span class='ocrx_word' id='word_1_233' title='bbox 1386 1599 1586 1639; x_wconf 80' lang='lat' dir='ltr'>accedit</span> <span class='ocrx_word' id='word_1_234' title='bbox 1577 1614 1635 1638; x_wconf 91' lang='lat' dir='ltr'>m-</span> 
     </span>
     <span class='ocr_line' id='line_1_27' title="bbox 115 1653 1636 1708; baseline 0.001 -16"><span class='ocrx_word' id='word_1_235' title='bbox 115 1653 244 1707; x_wconf 81' lang='lat' dir='ltr'>signis</span> <span class='ocrx_word' id='word_1_236' title='bbox 266 1654 423 1707; x_wconf 79' lang='lat' dir='ltr'>speeies</span> <span class='ocrx_word' id='word_1_237' title='bbox 442 1653 706 1707; x_wconf 70' lang='lat' dir='ltr'>glossematis</span> <span class='ocrx_word' id='word_1_238' title='bbox 726 1653 928 1706; x_wconf 86' lang='lat' dir='ltr'>adscripti</span> <span class='ocrx_word' id='word_1_239' title='bbox 951 1653 1004 1693; x_wconf 83' lang='lat' dir='ltr'>ad</span> <span class='ocrx_word' id='word_1_240' title='bbox 1026 1657 1151 1695; x_wconf 79' lang='grc' dir='ltr'>τοῦτο</span> <span class='ocrx_word' id='word_1_241' title='bbox 1175 1654 1214 1693; x_wconf 91' lang='lat' dir='ltr'>h.</span> <span class='ocrx_word' id='word_1_242' title='bbox 1235 1668 1270 1693; x_wconf 92' lang='grc'>0.</span> <span class='ocrx_word' id='word_1_243' title='bbox 1292 1654 1348 1700; x_wconf 61' lang='lat' dir='ltr'>iel.</span> <span class='ocrx_word' id='word_1_244' title='bbox 1371 1654 1418 1693; x_wconf 77' lang='lat' dir='ltr'>cle</span> <span class='ocrx_word' id='word_1_245' title='bbox 1439 1669 1511 1708; x_wconf 69' lang='lat'><strong><em>[12⁶⁰</em></strong></span> <span class='ocrx_word' id='word_1_246' title='bbox 1532 1669 1636 1695; x_wconf 75' lang='lat'>7777770</span> 
     </span>
     <span class='ocr_line' id='line_1_28' title="bbox 114 1709 1632 1763; baseline 0.001 -14"><span class='ocrx_word' id='word_1_247' title='bbox 114 1710 264 1762; x_wconf 58' lang='lat' dir='ltr'>acaum,</span> <span class='ocrx_word' id='word_1_248' title='bbox 295 1710 534 1750; x_wconf 72' lang='lat' dir='ltr'>7&#39;7777777777etas.</span> <span class='ocrx_word' id='word_1_249' title='bbox 599 1709 696 1749; x_wconf 77' lang='lat' dir='ltr'>Vil</span> <span class='ocrx_word' id='word_1_250' title='bbox 723 1724 762 1762; x_wconf 90' lang='lat' dir='ltr'>p.</span> <span class='ocrx_word' id='word_1_251' title='bbox 793 1722 890 1762; x_wconf 96' lang='grc'>502,</span> <span class='ocrx_word' id='word_1_252' title='bbox 921 1721 981 1748; x_wconf 92' lang='grc'>12.</span> <span class='ocrx_word' id='word_1_253' title='bbox 1014 1713 1056 1748; x_wconf 91' lang='lat' dir='ltr'>et</span> <span class='ocrx_word' id='word_1_254' title='bbox 1086 1710 1183 1760; x_wconf 77' lang='grc'>478,</span> <span class='ocrx_word' id='word_1_255' title='bbox 1216 1721 1272 1760; x_wconf 86' lang='grc'>17.</span> <span class='ocrx_word' id='word_1_256' title='bbox 1306 1709 1444 1763; x_wconf 83' lang='lat' dir='ltr'>ibique</span> <span class='ocrx_word' id='word_1_257' title='bbox 1477 1715 1632 1750; x_wconf 87' lang='lat' dir='ltr'>notam.</span> 
     </span>
     <span class='ocr_line' id='line_1_29' title="bbox 115 1763 1634 1818; baseline 0 -13"><span class='ocrx_word' id='word_1_258' title='bbox 115 1766 166 1805; x_wconf 92' lang='lat' dir='ltr'>F.</span> <span class='ocrx_word' id='word_1_259' title='bbox 190 1766 243 1804; x_wconf 95' lang='lat' dir='ltr'>A.</span> <span class='ocrx_word' id='word_1_260' title='bbox 267 1767 325 1803; x_wconf 85' lang='lat' dir='ltr'>W</span> <span class='ocrx_word' id='word_1_261' title='bbox 331 1766 457 1805; x_wconf 84' lang='lat' dir='ltr'>OLF.</span> <span class='ocrx_word' id='word_1_262' title='bbox 521 1765 666 1805; x_wconf 73' lang='lat' dir='ltr'>Verba</span> <span class='ocrx_word' id='word_1_263' title='bbox 693 1770 884 1818; x_wconf 76' lang='lat' dir='ltr'>suspecta</span> <span class='ocrx_word' id='word_1_264' title='bbox 911 1767 954 1805; x_wconf 84' lang='grc' dir='ltr'>ἐν</span> <span class='ocrx_word' id='word_1_265' title='bbox 981 1763 1253 1815; x_wconf 81' lang='grc' dir='ltr'>ᾗ-δοθεντων</span> <span class='ocrx_word' id='word_1_266' title='bbox 1280 1765 1409 1805; x_wconf 85' lang='lat' dir='ltr'>etiam</span> <span class='ocrx_word' id='word_1_267' title='bbox 1439 1766 1634 1807; x_wconf 86' lang='lat' dir='ltr'>Dobraeo</span> 
     </span>
     <span class='ocr_line' id='line_1_30' title="bbox 115 1821 601 1874; baseline 0 -14"><span class='ocrx_word' id='word_1_268' title='bbox 115 1821 317 1874; x_wconf 85' lang='lat' dir='ltr'>ejicienda</span> <span class='ocrx_word' id='word_1_269' title='bbox 340 1821 601 1861; x_wconf 84' lang='lat' dir='ltr'>videbantur.</span> 
     </span>
    </p>

    <p class='ocr_par' dir='ltr' id='par_1_6' title="bbox 115 1877 1635 2043">
     <span class='ocr_line' id='line_1_31' title="bbox 171 1877 1633 1931; baseline 0.001 -14"><span class='ocrx_word' id='word_1_270' title='bbox 171 1888 267 1931; x_wconf 87' lang='grc'>502,</span> <span class='ocrx_word' id='word_1_271' title='bbox 296 1892 328 1917; x_wconf 88' lang='grc'>1.</span> <span class='ocrx_word' id='word_1_272' title='bbox 358 1879 563 1930; x_wconf 79' lang='grc' dir='ltr'>εἰσελθὼν]</span> <span class='ocrx_word' id='word_1_273' title='bbox 602 1877 766 1917; x_wconf 77' lang='lat' dir='ltr'>Dicitur</span> <span class='ocrx_word' id='word_1_274' title='bbox 793 1877 839 1925; x_wconf 82' lang='lat' dir='ltr'>is,</span> <span class='ocrx_word' id='word_1_275' title='bbox 869 1878 986 1931; x_wconf 88' lang='lat' dir='ltr'>cujus</span> <span class='ocrx_word' id='word_1_276' title='bbox 1014 1877 1126 1918; x_wconf 85' lang='lat' dir='ltr'>actio</span> <span class='ocrx_word' id='word_1_277' title='bbox 1149 1878 1239 1930; x_wconf 87' lang='lat' dir='ltr'>jam</span> <span class='ocrx_word' id='word_1_278' title='bbox 1266 1878 1308 1916; x_wconf 89' lang='lat' dir='ltr'>in</span> <span class='ocrx_word' id='word_1_279' title='bbox 1331 1877 1534 1930; x_wconf 87' lang='lat' dir='ltr'>judicium</span> <span class='ocrx_word' id='word_1_280' title='bbox 1562 1879 1633 1918; x_wconf 86' lang='lat' dir='ltr'>ad-</span> 
     </span>
     <span class='ocr_line' id='line_1_32' title="bbox 115 1933 1635 1985; baseline 0.002 -14"><span class='ocrx_word' id='word_1_281' title='bbox 115 1934 241 1974; x_wconf 82' lang='lat' dir='ltr'>ducta</span> <span class='ocrx_word' id='word_1_282' title='bbox 272 1939 348 1974; x_wconf 81' lang='lat' dir='ltr'>est.</span> <span class='ocrx_word' id='word_1_283' title='bbox 412 1934 531 1974; x_wconf 77' lang='lat' dir='ltr'>Alias</span> <span class='ocrx_word' id='word_1_284' title='bbox 563 1934 734 1973; x_wconf 78' lang='lat' dir='ltr'>verbum</span> <span class='ocrx_word' id='word_1_285' title='bbox 771 1933 1022 1985; x_wconf 77' lang='grc' dir='ltr'>εἰσέρχεσθαι</span> <span class='ocrx_word' id='word_1_286' title='bbox 1054 1933 1181 1973; x_wconf 85' lang='lat' dir='ltr'>etiam</span> <span class='ocrx_word' id='word_1_287' title='bbox 1213 1933 1264 1972; x_wconf 88' lang='lat' dir='ltr'>de</span> <span class='ocrx_word' id='word_1_288' title='bbox 1294 1947 1356 1972; x_wconf 62' lang='grc' dir='ltr'>τοο</span> <span class='ocrx_word' id='word_1_289' title='bbox 1387 1938 1430 1973; x_wconf 87' lang='lat' dir='ltr'>et</span> <span class='ocrx_word' id='word_1_290' title='bbox 1466 1935 1635 1974; x_wconf 63' lang='grc' dir='ltr'>ιὶιαΐονὶα</span> 
     </span>
     <span class='ocr_line' id='line_1_33' title="bbox 116 1988 1424 2043; baseline 0 -15"><span class='ocrx_word' id='word_1_291' title='bbox 116 1988 200 2029; x_wconf 73' lang='lat' dir='ltr'>litis</span> <span class='ocrx_word' id='word_1_292' title='bbox 220 1995 459 2043; x_wconf 83' lang='lat' dir='ltr'>usurpatur.</span> <span class='ocrx_word' id='word_1_293' title='bbox 523 1989 649 2028; x_wconf 85' lang='lat' dir='ltr'>Unde</span> <span class='ocrx_word' id='word_1_294' title='bbox 670 1991 752 2039; x_wconf 88' lang='grc' dir='ltr'>δίκη</span> <span class='ocrx_word' id='word_1_295' title='bbox 776 1990 1046 2040; x_wconf 80' lang='grc' dir='ltr'>εἰσαγώγιμος.</span> <span class='ocrx_word' id='word_1_296' title='bbox 1083 1990 1129 2028; x_wconf 88' lang='lat' dir='ltr'>F.</span> <span class='ocrx_word' id='word_1_297' title='bbox 1153 1989 1207 2028; x_wconf 87' lang='lat' dir='ltr'>A.</span> <span class='ocrx_word' id='word_1_298' title='bbox 1231 1989 1424 2028; x_wconf 84' lang='lat' dir='ltr'>WOLF.</span> 
     </span>
    </p>

    <p class='ocr_par' dir='ltr' id='par_1_7' title="bbox 171 2043 1633 2098">
     <span class='ocr_line' id='line_1_34' title="bbox 171 2043 1633 2098; baseline 0.001 -14"><span class='ocrx_word' id='word_1_299' title='bbox 171 2046 330 2098; x_wconf 84' lang='grc' dir='ltr'>ἡττήθη]</span> <span class='ocrx_word' id='word_1_300' title='bbox 359 2046 558 2095; x_wconf 82' lang='grc' dir='ltr'>ἡττᾶσθαι,</span> <span class='ocrx_word' id='word_1_301' title='bbox 582 2060 719 2085; x_wconf 71' lang='lat' dir='ltr'>caussa.</span> <span class='ocrx_word' id='word_1_302' title='bbox 745 2044 895 2089; x_wconf 46' lang='lat' dir='ltr'>cadere.</span> <span class='ocrx_word' id='word_1_303' title='bbox 919 2049 965 2084; x_wconf 93' lang='lat' dir='ltr'>ut</span> <span class='ocrx_word' id='word_1_304' title='bbox 987 2044 1086 2084; x_wconf 88' lang='lat' dir='ltr'>alibi</span> <span class='ocrx_word' id='word_1_305' title='bbox 1109 2043 1269 2084; x_wconf 76' lang='grc' dir='ltr'>ἁλῶναι.</span> <span class='ocrx_word' id='word_1_306' title='bbox 1294 2045 1342 2084; x_wconf 84' lang='lat' dir='ltr'>F.</span> <span class='ocrx_word' id='word_1_307' title='bbox 1364 2046 1417 2084; x_wconf 90' lang='lat' dir='ltr'>A.</span> <span class='ocrx_word' id='word_1_308' title='bbox 1440 2045 1633 2086; x_wconf 79' lang='lat' dir='ltr'>WOLF.</span> 
     </span>
    </p>

    <p class='ocr_par' dir='ltr' id='par_1_8' title="bbox 110 2100 1635 2654">
     <span class='ocr_line' id='line_1_35' title="bbox 172 2100 1634 2154; baseline 0 -13"><span class='ocrx_word' id='word_1_309' title='bbox 172 2103 209 2141; x_wconf 85' lang='grc' dir='ltr'>οἱ</span> <span class='ocrx_word' id='word_1_310' title='bbox 231 2103 341 2151; x_wconf 90' lang='grc' dir='ltr'>νόμοι</span> <span class='ocrx_word' id='word_1_311' title='bbox 363 2103 403 2141; x_wconf 84' lang='grc' dir='ltr'>δὲ</span> <span class='ocrx_word' id='word_1_312' title='bbox 425 2102 492 2140; x_wconf 80' lang='grc' dir='ltr'>οὐκ</span> <span class='ocrx_word' id='word_1_313' title='bbox 515 2103 607 2140; x_wconf 83' lang='grc' dir='ltr'>ἐῶσι</span> <span class='ocrx_word' id='word_1_314' title='bbox 631 2119 661 2140; x_wconf 92' lang='grc' dir='ltr'><strong>κ.</strong></span> <span class='ocrx_word' id='word_1_315' title='bbox 684 2118 716 2140; x_wconf 91' lang='grc' dir='ltr'><strong>τ.</strong></span> <span class='ocrx_word' id='word_1_316' title='bbox 739 2101 797 2153; x_wconf 76' lang='grc' dir='ltr'><strong>λ.]</strong></span> <span class='ocrx_word' id='word_1_317' title='bbox 828 2100 912 2139; x_wconf 73' lang='lat' dir='ltr'>Res</span> <span class='ocrx_word' id='word_1_318' title='bbox 938 2105 1040 2140; x_wconf 89' lang='lat' dir='ltr'>nota</span> <span class='ocrx_word' id='word_1_319' title='bbox 1066 2115 1155 2140; x_wconf 83' lang='lat' dir='ltr'>esse</span> <span class='ocrx_word' id='word_1_320' title='bbox 1177 2105 1318 2154; x_wconf 83' lang='lat' dir='ltr'>potest</span> <span class='ocrx_word' id='word_1_321' title='bbox 1339 2101 1401 2140; x_wconf 88' lang='lat' dir='ltr'>vel</span> <span class='ocrx_word' id='word_1_322' title='bbox 1423 2116 1444 2140; x_wconf 89' lang='grc'>0</span> <span class='ocrx_word' id='word_1_323' title='bbox 1466 2101 1634 2142; x_wconf 86' lang='lat' dir='ltr'>Terent.</span> 
     </span>
     <span class='ocr_line' id='line_1_36' title="bbox 118 2156 1635 2210; baseline 0.001 -14"><span class='ocrx_word' id='word_1_324' title='bbox 118 2157 289 2196; x_wconf 87' lang='lat' dir='ltr'>Phorm.</span> <span class='ocrx_word' id='word_1_325' title='bbox 317 2169 352 2205; x_wconf 86' lang='grc'>2,</span> <span class='ocrx_word' id='word_1_326' title='bbox 378 2170 417 2209; x_wconf 79' lang='grc'>3,</span> <span class='ocrx_word' id='word_1_327' title='bbox 440 2157 521 2209; x_wconf 72' lang='grc'>58,</span> <span class='ocrx_word' id='word_1_328' title='bbox 552 2171 675 2210; x_wconf 87' lang='lat' dir='ltr'>quem</span> <span class='ocrx_word' id='word_1_329' title='bbox 709 2172 802 2196; x_wconf 87' lang='lat' dir='ltr'>eum</span> <span class='ocrx_word' id='word_1_330' title='bbox 838 2156 927 2196; x_wconf 88' lang='lat' dir='ltr'>loco</span> <span class='ocrx_word' id='word_1_331' title='bbox 963 2161 1109 2196; x_wconf 89' lang='lat' dir='ltr'>nostro</span> <span class='ocrx_word' id='word_1_332' title='bbox 1143 2156 1403 2209; x_wconf 80' lang='lat' dir='ltr'>comparavit</span> <span class='ocrx_word' id='word_1_333' title='bbox 1441 2158 1635 2198; x_wconf 79' lang='lat' dir='ltr'>Muretus</span> 
     </span>
     <span class='ocr_line' id='line_1_37' title="bbox 118 2212 1633 2264; baseline 0.003 -13"><span class='ocrx_word' id='word_1_334' title='bbox 118 2213 242 2253; x_wconf 77' lang='lat' dir='ltr'>Varr.</span> <span class='ocrx_word' id='word_1_335' title='bbox 277 2213 413 2253; x_wconf 83' lang='lat' dir='ltr'>Lectt.</span> <span class='ocrx_word' id='word_1_336' title='bbox 447 2226 506 2264; x_wconf 81' lang='lat'>¹9-</span> <span class='ocrx_word' id='word_1_337' title='bbox 539 2216 575 2251; x_wconf 82' lang='grc'><strong>8.</strong></span> <span class='ocrx_word' id='word_1_338' title='bbox 638 2213 704 2252; x_wconf 88' lang='lat' dir='ltr'>De</span> <span class='ocrx_word' id='word_1_339' title='bbox 740 2212 978 2252; x_wconf 83' lang='lat' dir='ltr'>discrimine</span> <span class='ocrx_word' id='word_1_340' title='bbox 1015 2226 1269 2260; x_wconf 77' lang='lat' dir='ltr'>caussarum,</span> <span class='ocrx_word' id='word_1_341' title='bbox 1306 2214 1421 2262; x_wconf 88' lang='grc' dir='ltr'>δίκης,</span> <span class='ocrx_word' id='word_1_342' title='bbox 1461 2214 1633 2263; x_wconf 80' lang='grc' dir='ltr'>εὐθύνης,</span> 
     </span>
     <span class='ocr_line' id='line_1_38' title="bbox 116 2268 1635 2321; baseline -0.001 -12"><span class='ocrx_word' id='word_1_343' title='bbox 116 2271 367 2315; x_wconf 82' lang='grc' dir='ltr'>διαδικασίας,</span> <span class='ocrx_word' id='word_1_344' title='bbox 398 2269 578 2308; x_wconf 84' lang='lat' dir='ltr'>adeundi</span> <span class='ocrx_word' id='word_1_345' title='bbox 611 2274 708 2309; x_wconf 81' lang='lat' dir='ltr'>sunt</span> <span class='ocrx_word' id='word_1_346' title='bbox 741 2268 808 2321; x_wconf 84' lang='lat' dir='ltr'>qui</span> <span class='ocrx_word' id='word_1_347' title='bbox 836 2269 904 2321; x_wconf 88' lang='lat' dir='ltr'>jus</span> <span class='ocrx_word' id='word_1_348' title='bbox 934 2268 1128 2308; x_wconf 64' lang='lat' dir='ltr'>,Atticum</span> <span class='ocrx_word' id='word_1_349' title='bbox 1159 2268 1327 2321; x_wconf 88' lang='lat' dir='ltr'>proprie</span> <span class='ocrx_word' id='word_1_350' title='bbox 1359 2268 1635 2309; x_wconf 85' lang='lat' dir='ltr'>illustrarunt.</span> 
     </span>
     <span class='ocr_line' id='line_1_39' title="bbox 117 2323 1632 2378; baseline 0.001 -15"><span class='ocrx_word' id='word_1_351' title='bbox 117 2324 279 2365; x_wconf 84' lang='lat' dir='ltr'>Ponam</span> <span class='ocrx_word' id='word_1_352' title='bbox 316 2330 456 2365; x_wconf 86' lang='lat' dir='ltr'>tamen</span> <span class='ocrx_word' id='word_1_353' title='bbox 492 2339 544 2364; x_wconf 76' lang='lat' dir='ltr'>ex</span> <span class='ocrx_word' id='word_1_354' title='bbox 581 2324 700 2364; x_wconf 86' lang='lat' dir='ltr'>Orat.</span> <span class='ocrx_word' id='word_1_355' title='bbox 740 2324 781 2363; x_wconf 86' lang='lat' dir='ltr'>in</span> <span class='ocrx_word' id='word_1_356' title='bbox 819 2323 999 2363; x_wconf 89' lang='lat' dir='ltr'>Timocr.</span> <span class='ocrx_word' id='word_1_357' title='bbox 1038 2339 1078 2377; x_wconf 89' lang='lat' dir='ltr'>p.</span> <span class='ocrx_word' id='word_1_358' title='bbox 1114 2334 1207 2376; x_wconf 74' lang='lat'>717,</span> <span class='ocrx_word' id='word_1_359' title='bbox 1247 2337 1306 2375; x_wconf 80' lang='lat'>19.</span> <span class='ocrx_word' id='word_1_360' title='bbox 1343 2324 1444 2378; x_wconf 78' lang='lat' dir='ltr'>legis</span> <span class='ocrx_word' id='word_1_361' title='bbox 1480 2325 1632 2364; x_wconf 88' lang='lat' dir='ltr'>verba:</span> 
     </span>
     <span class='ocr_line' id='line_1_40' title="bbox 110 2378 1635 2449; baseline 0 -29"><span class='ocrx_word' id='word_1_362' title='bbox 110 2379 250 2420; x_wconf 72' lang='lat' dir='ltr'><em>‘&#39;Offoev</em></span> <span class='ocrx_word' id='word_1_363' title='bbox 283 2382 379 2429; x_wconf 90' lang='grc' dir='ltr'>δίκη</span> <span class='ocrx_word' id='word_1_364' title='bbox 417 2382 605 2449; x_wconf 64' lang='grc' dir='ltr'>προτερον</span> <span class='ocrx_word' id='word_1_365' title='bbox 642 2381 797 2431; x_wconf 83' lang='grc' dir='ltr'>ἐγένετο</span> <span class='ocrx_word' id='word_1_366' title='bbox 833 2379 855 2429; x_wconf 77' lang='grc' dir='ltr'>ἦ</span> <span class='ocrx_word' id='word_1_367' title='bbox 891 2380 1054 2429; x_wconf 77' lang='grc' dir='ltr'>εὐθύνη</span> <span class='ocrx_word' id='word_1_368' title='bbox 1086 2378 1109 2428; x_wconf 78' lang='grc' dir='ltr'>ἢ</span> <span class='ocrx_word' id='word_1_369' title='bbox 1143 2381 1408 2419; x_wconf 84' lang='grc' dir='ltr'>διαδικασία</span> <span class='ocrx_word' id='word_1_370' title='bbox 1444 2381 1535 2431; x_wconf 86' lang='grc' dir='ltr'>περί</span> <span class='ocrx_word' id='word_1_371' title='bbox 1568 2397 1635 2420; x_wconf 86' lang='grc' dir='ltr'>τον</span> 
     </span>
     <span class='ocr_line' id='line_1_41' title="bbox 118 2434 1635 2489; baseline 0 -14"><span class='ocrx_word' id='word_1_372' title='bbox 118 2438 161 2476; x_wconf 84' lang='grc' dir='ltr'>ἐν</span> <span class='ocrx_word' id='word_1_373' title='bbox 194 2439 436 2489; x_wconf 79' lang='grc' dir='ltr'>δικαστηρίῳ,</span> <span class='ocrx_word' id='word_1_374' title='bbox 469 2454 491 2485; x_wconf 90' lang='grc' dir='ltr'>η</span> <span class='ocrx_word' id='word_1_375' title='bbox 524 2437 598 2475; x_wconf 82' lang='grc' dir='ltr'>ἰδία</span> <span class='ocrx_word' id='word_1_376' title='bbox 628 2434 650 2484; x_wconf 78' lang='grc' dir='ltr'>η</span> <span class='ocrx_word' id='word_1_377' title='bbox 684 2437 860 2488; x_wconf 78' lang='grc' dir='ltr'>δημοσίᾳ,</span> <span class='ocrx_word' id='word_1_378' title='bbox 890 2434 912 2484; x_wconf 72' lang='lat' dir='ltr'>i]</span> <span class='ocrx_word' id='word_1_379' title='bbox 944 2436 986 2474; x_wconf 85' lang='grc' dir='ltr'>τὸ</span> <span class='ocrx_word' id='word_1_380' title='bbox 1019 2437 1206 2484; x_wconf 87' lang='grc' dir='ltr'>δημόσιον</span> <span class='ocrx_word' id='word_1_381' title='bbox 1239 2435 1417 2480; x_wconf 84' lang='grc' dir='ltr'>ἀπέδοτο,</span> <span class='ocrx_word' id='word_1_382' title='bbox 1447 2453 1498 2485; x_wconf 87' lang='grc' dir='ltr'>μη</span> <span class='ocrx_word' id='word_1_383' title='bbox 1531 2435 1635 2475; x_wconf 80' lang='grc' dir='ltr'>εἰσά-</span> 
     </span>
     <span class='ocr_line' id='line_1_42' title="bbox 117 2490 1635 2543; baseline -0.001 -12"><span class='ocrx_word' id='word_1_384' title='bbox 117 2509 202 2542; x_wconf 87' lang='grc' dir='ltr'>γειν</span> <span class='ocrx_word' id='word_1_385' title='bbox 234 2493 321 2542; x_wconf 80' lang='grc' dir='ltr'>περὶ</span> <span class='ocrx_word' id='word_1_386' title='bbox 352 2493 497 2531; x_wconf 86' lang='grc' dir='ltr'>τούτων</span> <span class='ocrx_word' id='word_1_387' title='bbox 531 2493 585 2532; x_wconf 85' lang='grc' dir='ltr'>εἰς</span> <span class='ocrx_word' id='word_1_388' title='bbox 616 2491 659 2529; x_wconf 79' lang='grc' dir='ltr'>τὸ</span> <span class='ocrx_word' id='word_1_389' title='bbox 692 2491 950 2541; x_wconf 76' lang='grc' dir='ltr'>δικαστηριον,</span> <span class='ocrx_word' id='word_1_390' title='bbox 983 2490 1067 2540; x_wconf 90' lang='grc' dir='ltr'>μηδ</span> <span class='ocrx_word' id='word_1_391' title='bbox 1103 2492 1355 2541; x_wconf 83' lang='grc' dir='ltr'>ἐπιψηφίζειν</span> <span class='ocrx_word' id='word_1_392' title='bbox 1385 2495 1461 2529; x_wconf 87' lang='grc' dir='ltr'>τῶν</span> <span class='ocrx_word' id='word_1_393' title='bbox 1494 2492 1635 2543; x_wconf 85' lang='grc' dir='ltr'>ἀρχόν-</span> 
     </span>
     <span class='ocr_line' id='line_1_43' title="bbox 116 2546 1635 2597; baseline 0 -12"><span class='ocrx_word' id='word_1_394' title='bbox 116 2564 193 2587; x_wconf 87' lang='grc' dir='ltr'>των</span> <span class='ocrx_word' id='word_1_395' title='bbox 222 2548 382 2597; x_wconf 85' lang='grc' dir='ltr'>μηδένα,</span> <span class='ocrx_word' id='word_1_396' title='bbox 415 2549 509 2596; x_wconf 83' lang='grc' dir='ltr'>μηδὲ</span> <span class='ocrx_word' id='word_1_397' title='bbox 549 2551 777 2597; x_wconf 74' lang='grc' dir='ltr'>κατηγορεῖν</span> <span class='ocrx_word' id='word_1_398' title='bbox 809 2548 974 2591; x_wconf 81' lang='grc' dir='ltr'>ἐώντων,</span> <span class='ocrx_word' id='word_1_399' title='bbox 1009 2547 1033 2585; x_wconf 79' lang='grc' dir='ltr'>δι</span> <span class='ocrx_word' id='word_1_400' title='bbox 1063 2546 1130 2585; x_wconf 81' lang='grc' dir='ltr'>οὐκ</span> <span class='ocrx_word' id='word_1_401' title='bbox 1163 2548 1279 2585; x_wconf 80' lang='grc' dir='ltr'>ἐῶσιν</span> <span class='ocrx_word' id='word_1_402' title='bbox 1311 2564 1347 2585; x_wconf 91' lang='grc' dir='ltr'>οι</span> <span class='ocrx_word' id='word_1_403' title='bbox 1379 2547 1500 2595; x_wconf 89' lang='grc' dir='ltr'>νόμοι.</span> <span class='ocrx_word' id='word_1_404' title='bbox 1564 2547 1635 2586; x_wconf 83' lang='lat' dir='ltr'>Ad</span> 
     </span>
     <span class='ocr_line' id='line_1_44' title="bbox 117 2601 1291 2654; baseline -0.001 -13"><span class='ocrx_word' id='word_1_405' title='bbox 117 2603 219 2642; x_wconf 90' lang='grc' dir='ltr'>1ιιιο0</span> <span class='ocrx_word' id='word_1_406' title='bbox 241 2605 347 2647; x_wconf 78' lang='lat' dir='ltr'>conf.</span> <span class='ocrx_word' id='word_1_407' title='bbox 373 2603 503 2642; x_wconf 78' lang='lat' dir='ltr'>l&#39;etiti</span> <span class='ocrx_word' id='word_1_408' title='bbox 528 2602 614 2641; x_wconf 90' lang='lat' dir='ltr'>LL.</span> <span class='ocrx_word' id='word_1_409' title='bbox 640 2602 736 2641; x_wconf 88' lang='lat' dir='ltr'>AA</span> <span class='ocrx_word' id='word_1_410' title='bbox 759 2617 796 2654; x_wconf 80' lang='lat'>17</span> <span class='ocrx_word' id='word_1_411' title='bbox 820 2614 915 2653; x_wconf 76' lang='lat'>451.</span> <span class='ocrx_word' id='word_1_412' title='bbox 951 2602 998 2640; x_wconf 88' lang='lat' dir='ltr'>F.</span> <span class='ocrx_word' id='word_1_413' title='bbox 1022 2602 1076 2640; x_wconf 90' lang='lat' dir='ltr'>A.</span> <span class='ocrx_word' id='word_1_414' title='bbox 1100 2601 1291 2640; x_wconf 72' lang='lat' dir='ltr'>WOLF</span> 
     </span>
    </p>

    <p class='ocr_par' dir='ltr' id='par_1_9' title="bbox 118 2656 1635 2879">
     <span class='ocr_line' id='line_1_45' title="bbox 173 2656 1635 2722; baseline 0 -24"><span class='ocrx_word' id='word_1_415' title='bbox 173 2671 270 2722; x_wconf 87' lang='grc'>502,</span> <span class='ocrx_word' id='word_1_416' title='bbox 295 2671 331 2710; x_wconf 90' lang='lat'>7.</span> <span class='ocrx_word' id='word_1_417' title='bbox 356 2659 486 2707; x_wconf 87' lang='grc' dir='ltr'>ἐπειδη</span> <span class='ocrx_word' id='word_1_418' title='bbox 509 2660 549 2697; x_wconf 81' lang='grc' dir='ltr'>δὲ</span> <span class='ocrx_word' id='word_1_419' title='bbox 571 2658 689 2697; x_wconf 76' lang='grc' dir='ltr'>ταῦτά</span> <span class='ocrx_word' id='word_1_420' title='bbox 711 2674 751 2697; x_wconf 89' lang='grc' dir='ltr'>τε</span> <span class='ocrx_word' id='word_1_421' title='bbox 772 2660 817 2696; x_wconf 79' lang='grc' dir='ltr'>ὑπ</span> <span class='ocrx_word' id='word_1_422' title='bbox 827 2656 1014 2709; x_wconf 77' lang='grc' dir='ltr'>άρχει-]</span> <span class='ocrx_word' id='word_1_423' title='bbox 1035 2657 1163 2705; x_wconf 70' lang='lat'>(27077777</span> <span class='ocrx_word' id='word_1_424' title='bbox 1184 2657 1304 2696; x_wconf 71' lang='lat' dir='ltr'>etiam</span> <span class='ocrx_word' id='word_1_425' title='bbox 1325 2670 1429 2695; x_wconf 74' lang='lat'>7777770</span> <span class='ocrx_word' id='word_1_426' title='bbox 1450 2665 1635 2698; x_wconf 72' lang='lat' dir='ltr'>maneant</span> 
     </span>
     <span class='ocr_line' id='line_1_46' title="bbox 118 2712 1635 2784; baseline -0.001 -31"><span class='ocrx_word' id='word_1_427' title='bbox 118 2715 200 2754; x_wconf 71' lang='grc' dir='ltr'>υἱφί</span> <span class='ocrx_word' id='word_1_428' title='bbox 219 2715 361 2754; x_wconf 73' lang='lat' dir='ltr'>merita</span> <span class='ocrx_word' id='word_1_429' title='bbox 384 2728 557 2784; x_wconf 66' lang='lat' dir='ltr'>77077&gt;aq777</span> <span class='ocrx_word' id='word_1_430' title='bbox 577 2713 683 2753; x_wconf 70' lang='grc' dir='ltr'>αἶίυι</span> <span class='ocrx_word' id='word_1_431' title='bbox 689 2727 751 2752; x_wconf 75' lang='lat'>77777</span> <span class='ocrx_word' id='word_1_432' title='bbox 771 2712 1015 2752; x_wconf 57' lang='lat' dir='ltr'>decess-mint.</span> <span class='ocrx_word' id='word_1_433' title='bbox 1053 2712 1299 2751; x_wconf 85' lang='lat' dir='ltr'>Acuendum</span> <span class='ocrx_word' id='word_1_434' title='bbox 1320 2712 1635 2782; x_wconf 67' lang='lat' dir='ltr'>[nonunciando</span> 
     </span>
     <span class='ocr_line' id='line_1_47' title="bbox 119 2767 1632 2822; baseline -0.001 -13"><span class='ocrx_word' id='word_1_435' title='bbox 119 2771 288 2809; x_wconf 67' lang='lat' dir='ltr'>xelbum</span> <span class='ocrx_word' id='word_1_436' title='bbox 318 2771 497 2822; x_wconf 75' lang='grc' dir='ltr'>ὑπάρχει.</span> <span class='ocrx_word' id='word_1_437' title='bbox 559 2769 622 2808; x_wconf 79' lang='lat' dir='ltr'>Ne</span> <span class='ocrx_word' id='word_1_438' title='bbox 656 2768 747 2821; x_wconf 76' lang='lat' dir='ltr'>quis</span> <span class='ocrx_word' id='word_1_439' title='bbox 783 2772 903 2821; x_wconf 83' lang='lat' dir='ltr'>putet</span> <span class='ocrx_word' id='word_1_440' title='bbox 938 2767 1203 2807; x_wconf 76' lang='lat' dir='ltr'>selibendulu</span> <span class='ocrx_word' id='word_1_441' title='bbox 1234 2767 1352 2806; x_wconf 83' lang='grc' dir='ltr'>ταύτά</span> <span class='ocrx_word' id='word_1_442' title='bbox 1383 2785 1424 2806; x_wconf 87' lang='grc' dir='ltr'>τε</span> <span class='ocrx_word' id='word_1_443' title='bbox 1456 2768 1632 2821; x_wconf 80' lang='grc' dir='ltr'>ὑπάρχει,</span> 
     </span>
     <span class='ocr_line' id='line_1_48' title="bbox 119 2823 1174 2879; baseline -0.004 -14"><span class='ocrx_word' id='word_1_444' title='bbox 119 2825 252 2865; x_wconf 69' lang='lat' dir='ltr'>eadem.</span> <span class='ocrx_word' id='word_1_445' title='bbox 273 2827 364 2868; x_wconf 77' lang='lat'>37&#39;777‘</span> <span class='ocrx_word' id='word_1_446' title='bbox 387 2840 485 2879; x_wconf 65' lang='lat' dir='ltr'>qaae</span> <span class='ocrx_word' id='word_1_447' title='bbox 494 2828 595 2878; x_wconf 63' lang='lat' dir='ltr'>fam</span> <span class='ocrx_word' id='word_1_448' title='bbox 601 2832 667 2864; x_wconf 69' lang='lat'>7777!</span> <span class='ocrx_word' id='word_1_449' title='bbox 681 2839 738 2877; x_wconf 71' lang='lat'>277·</span> <span class='ocrx_word' id='word_1_450' title='bbox 743 2825 812 2863; x_wconf 70' lang='lat'>7&#39;775.</span> <span class='ocrx_word' id='word_1_451' title='bbox 842 2825 887 2862; x_wconf 71' lang='grc' dir='ltr'>Γ.</span> <span class='ocrx_word' id='word_1_452' title='bbox 907 2825 962 2863; x_wconf 72' lang='lat' dir='ltr'>A.</span> <span class='ocrx_word' id='word_1_453' title='bbox 983 2823 1040 2862; x_wconf 80' lang='lat' dir='ltr'><strong>W</strong></span> <span class='ocrx_word' id='word_1_454' title='bbox 1047 2823 1174 2862; x_wconf 84' lang='lat' dir='ltr'>(7LF.</span> 
     </span>
    </p>

    <p class='ocr_par' dir='ltr' id='par_1_10' title="bbox 121 2877 1634 2988">
     <span class='ocr_line' id='line_1_49' title="bbox 175 2877 1634 2951; baseline -0.001 -29.989"><span class='ocrx_word' id='word_1_455' title='bbox 175 2894 271 2951; x_wconf 83' lang='grc'>502,</span> <span class='ocrx_word' id='word_1_456' title='bbox 299 2895 362 2920; x_wconf 88' lang='grc'><strong>10.</strong></span> <span class='ocrx_word' id='word_1_457' title='bbox 401 2899 461 2921; x_wconf 86' lang='grc' dir='ltr'>και</span> <span class='ocrx_word' id='word_1_458' title='bbox 493 2899 569 2931; x_wconf 84' lang='grc' dir='ltr'>μην</span> <span class='ocrx_word' id='word_1_459' title='bbox 601 2882 694 2930; x_wconf 74' lang='grc' dir='ltr'>πρός</span> <span class='ocrx_word' id='word_1_460' title='bbox 728 2897 772 2930; x_wconf 86' lang='grc' dir='ltr'>γε</span> <span class='ocrx_word' id='word_1_461' title='bbox 805 2877 1121 2931; x_wconf 73' lang='grc' dir='ltr'>Ἀριστοφῶντα]</span> <span class='ocrx_word' id='word_1_462' title='bbox 1160 2879 1272 2918; x_wconf 77' lang='lat' dir='ltr'>Infra</span> <span class='ocrx_word' id='word_1_463' title='bbox 1306 2893 1339 2917; x_wconf 81' lang='lat' dir='ltr'>v</span> <span class='ocrx_word' id='word_1_464' title='bbox 1372 2881 1435 2918; x_wconf 80' lang='grc'>26.</span> <span class='ocrx_word' id='word_1_465' title='bbox 1467 2880 1526 2918; x_wconf 83' lang='grc' dir='ltr'>καὶ</span> <span class='ocrx_word' id='word_1_466' title='bbox 1558 2881 1634 2929; x_wconf 79' lang='grc' dir='ltr'>μὴν</span> 
     </span>
     <span class='ocr_line' id='line_1_50' title="bbox 121 2935 870 2988; baseline -0.004 -12"><span class='ocrx_word' id='word_1_467' title='bbox 121 2939 213 2987; x_wconf 84' lang='grc' dir='ltr'>πρός</span> <span class='ocrx_word' id='word_1_468' title='bbox 233 2954 277 2988; x_wconf 86' lang='grc' dir='ltr'>γε</span> <span class='ocrx_word' id='word_1_469' title='bbox 302 2939 585 2988; x_wconf 82' lang='grc' dir='ltr'>Κηφισόδοτον</span> <span class='ocrx_word' id='word_1_470' title='bbox 620 2936 726 2975; x_wconf 69' lang='lat' dir='ltr'>SOH</span> <span class='ocrx_word' id='word_1_471' title='bbox 736 2935 870 2974; x_wconf 78' lang='lat' dir='ltr'>AEl.</span> 
     </span>
    </p>
   </div>
  </div>
 </body>
</html>
