1997 3256
521 161 842 203 ADVERSUS
877 163 1359 205 ARISTOCRATEM.
1614 166 1698 207 949

183 272 261 316 ΐιιν,
281 267 440 319 petficit
462 281 599 320 parva
619 268 700 307 sais
720 268 991 320 facultatibus
1018 275 1053 308 et
1082 269 1122 308 ιἰι
1144 269 1260 309 <laces
1279 276 1312 309 et
1337 270 1376 308 ιίι
1397 275 1570 308 oratores
1590 269 1696 308 insn-

183 337 301 362 τηετις.
362 322 492 362 Recte
514 323 761 363 Schaeferus
787 326 840 364 ὧν
860 324 1085 378 genitivum
1118 330 1263 378 aptum
1292 325 1393 365 facit
1422 340 1472 364 ex
1502 326 1694 365 ἐπαίνους.

188 378 247 416 W
252 377 421 417 EBER.

242 435 337 480 682,
366 446 427 486 13.
455 434 570 486 ὑμᾶς]
602 433 800 474 Praefero
830 436 926 484 ἡμᾶς
956 451 1006 474 ex
1038 435 1206 488 optimis
1235 436 1455 475 codicibus.
1520 435 1698 488 injurias

186 488 422 529 Charidemi
445 503 527 529 una
554 490 607 529 ad
635 505 677 529 se
705 492 833 529 refert
861 496 1031 537 orat0r;
1063 491 1149 544 ipse
1178 491 1367 531 interfuit
1393 492 1527 539 rebus,
1551 490 1699 543 quibus

184 544 249 584 ille
272 544 553 585 Athenienses
574 545 764 585 laeserat.
799 546 856 582 W
866 546 1032 586 EBER.

243 601 338 653 683,
365 604 427 640 28.
449 600 682 653 Ἀρχέβιον]
713 602 766 640 V.
789 601 840 640 ad
864 616 901 654 p.
926 613 1020 655 475,
1046 604 1081 641 8.

242 656 328 698 τοὺς
360 658 425 696 δύο
457 657 544 698 τοὺς
573 657 787 709 βασιλέας]
824 657 992 696 Tertius
1023 657 1144 706 enim,
1178 657 1478 710 (1¹01·sobleptes‚
1511 658 1702 697 inimicus

185 717 277 752 erat
304 712 645 752 Atheniensibus.
679 712 874 751 REISK.

242 769 337 817 684.
368 781 426 819 15.
466 768 1309 821 Λακεδαιμονίους-Θηβαίους-Εὐβοέας]
1350 768 1403 808 V.
1440 769 1493 809 ad
1535 784 1573 823 p.
1610 782 1701 823 205.

188 837 255 873 24.
278 829 320 864 et
344 836 408 876 25.

243 881 428 933 685710.
471 880 674 932 ὑπόνοιαν]
726 880 832 920 Fere
871 880 979 919 idem
1021 881 1132 935 quod
1173 882 1388 932 πρόφασιν,
1429 882 1703 921 causationem.

187 935 304 976 Conf.
326 951 366 989 p.
393 937 509 986 1178,
536 949 567 981 1,
592 948 629 974 2.
654 950 684 976 S.
707 947 745 989 5.
780 936 1031 976 SOHAEF.

243 993 339 1045 685,
370 1003 428 1030 12.
451 993 821 1045 καταψηφιούμεθα]
852 993 1031 1032 Πρω-ου)
1057 993 1274 1046 abrogato,
1309 993 1363 1031 W
1373 993 1542 1033 EBER.

244 1048 339 1100 685,
365 1059 429 1097 27.
472 1050 534 1086 διὰ
569 1048 699 1100 τοῦτο]
740 1047 855 1088 Libri
892 1048 961 1088 alii
997 1051 1059 1088 διὰ
1091 1050 1203 1088 τοῦτό
1234 1066 1280 1100 γε
1312 1049 1374 1088 vel
1408 1050 1469 1089 διά
1501 1067 1546 1101 γε
1579 1054 1703 1089 τοῦτο.

187 1103 352 1143 Omissa
378 1102 584 1156 particula
605 1118 644 1156 p.
671 1106 764 1155 763.
787 1103 876 1143 ἀλλ’
902 1106 935 1144 εἰ
963 1105 1024 1144 καὶ
1051 1106 1170 1154 μηδὲν
1192 1106 1294 1144 ἄλλο
1323 1106 1457 1153 ἠδίκει,
1480 1109 1575 1145 κατὰ
1595 1109 1707 1145 τοῦτο

187 1160 291 1208 ἄξιός
313 1161 422 1198 ἐστιν
449 1160 715 1198 ἀπολωλέναι.
754 1160 826 1199 sed
855 1159 1094 1213 discrepant
1119 1160 1229 1200 inter
1253 1174 1296 1199 se
1318 1160 1409 1200 libri
1432 1176 1469 1214 p.
1495 1164 1589 1215 605.
1617 1161 1706 1200 ὥστ’

188 1216 222 1254 εἷ
245 1215 408 1265 μηδενὸς
436 1216 562 1254 ἄλλου
591 1216 718 1263 ἕνεκα,
742 1218 803 1255 διὰ
824 1219 943 1255 ταῦτα
973 1218 1309 1267 καταψηφιστέον.
1371 1217 1493 1257 Adde
1518 1217 1706 1257 Prooem.

187 1285 227 1323 p.
256 1282 374 1320 1421.
407 1272 626 1320 βουλοίμην
658 1270 686 1310 δ’
712 1271 760 1310 ἂν
789 1273 900 1322 ὑμᾶς,
933 1274 966 1311 εἰ
1002 1273 1063 1311 καὶ
1094 1273 1188 1321 μηδὲ
1223 1270 1266 1310 δι’
1291 1272 1333 1310 ἓν
1369 1277 1444 1312 τῶν
1479 1274 1630 1321 ἄλλων,
1663 1272 1706 1312 δι’

189 1328 315 1366 ἐκεῖνο
336 1328 541 1376 ὑπομεῖναι
563 1327 650 1368 τοὺς
671 1328 816 1378 λόγους
838 1328 1082 1378 ἀμφοτέρων.
1117 1327 1344 1367 WEBER.

246 1382 340 1434 685,
369 1395 432 1434 29.
462 1384 499 1420 οἱ
530 1382 667 1435 πάλαι]
699 1384 814 1433 Quae
841 1387 987 1422 narrat
1018 1383 1068 1422 de
1100 1383 1339 1435 majoribus,
1364 1388 1409 1422 ut
1440 1384 1709 1424 audientibus

184 1438 369 1491 jucunda
401 1443 533 1484 erant,
567 1452 662 1477 nam
694 1438 805 1478 nulla
837 1453 881 1477 re
914 1438 1045 1492 magis
1077 1439 1397 1478 delectabantur
1429 1439 1710 1479 Athenienses

190 1508 315 1546 quam
345 1493 560 1533 auditione
591 1493 724 1533 laudis
754 1494 973 1547 majorum.
996 1500 1043 1534 ut
1073 1494 1381 1534 Demosthenes
1409 1495 1496 1548 ipse
1528 1500 1635 1536 orat.
1659 1497 1710 1535 de

189 1548 327 1589 R-hod.
349 1549 486 1589 libert.
509 1564 546 1602 p.
574 1563 667 1591 200.
695 1550 824 1590 dicit:
859 1550 918 1589 ita
946 1550 1073 1590 etiam
1104 1555 1266 1590 mentes
1297 1565 1440 1590 eorum
1470 1566 1711 1604 permovere

189 1610 233 1645 et
261 1605 473 1658 impellere
501 1605 723 1653 debebant,
746 1611 794 1645 ut
821 1606 1007 1646 odissent
1030 1611 1072 1646 et
1101 1606 1275 1659 rejicere
1297 1606 1447 1646 vellent
1472 1608 1711 1660 psephisma

190 1660 482 1701 Aristocratis.
545 1661 705 1701 Rursus
742 1661 808 1701 hic
845 1661 1002 1702 dictum
1039 1662 1249 1703 Ciceronis
1284 1677 1335 1702 ex
1372 1668 1539 1702 oratore
1575 1679 1608 1702 c.
1644 1676 1709 1713 24.

189 1716 445 1757 laudandum
476 1721 551 1764 est,
580 1717 648 1756 ubi
681 1718 811 1757 haec:
848 1725 870 1740 ⁵²
894 1717 1246 1758 Uonnnemoratio
1276 1718 1544 1771 antiquitatis
1575 1734 1711 1759 exem-

190 1773 435 1826 plorumque
470 1773 666 1826 probatio
700 1788 862 1813 summa
893 1788 986 1813 eum
1023 1773 1302 1814 delectatione
1338 1778 1381 1813 et
1413 1774 1714 1815 auctoritatem

191 1829 369 1869 orationi
398 1828 521 1868 affert
549 1833 592 1868 et
619 1829 781 1868 fide1n.”
843 1830 1152 1883 Saepenumero
1177 1835 1318 1870 autem
1340 1830 1482 1870 laudes
1508 1831 1712 1884 majorum

191 1884 349 1924 oratori
389 1885 525 1923 locum
570 1884 834 1937 exspatiandi
875 1885 1081 1925 dederunt
1126 1885 1439 1938 amplissimum,
1482 1901 1590 1939 quae
1631 1902 1714 1926 non

190 1941 316 1980 modo
345 1955 461 1980 suam
490 1954 679 1980 caussam
708 1945 1007 1988 sustentarent,
1035 1941 1107 1980 sed
1136 1941 1175 1980 in
1204 1941 1361 1980 civibus
1389 1942 1517 1981 etiam
1546 1942 1716 1983 virtutis

191 1996 513 2036 aemulationem
536 1995 814 2049 vitiorumque
835 1997 1169 2036 emendationem
1191 1996 1422 2051 gignerent.
1459 1997 1519 2037 Cf.
1544 1998 1713 2052 Olynth.

192 2064 232 2104 3.
264 2067 304 2104 p.
334 2065 402 2105 35.
478 2051 660 2104 Philipp.
696 2065 731 2091 2.
764 2067 802 2105 p.
839 2053 905 2091 68.
981 2053 1162 2106 Philipp.
1194 2067 1233 2106 3.
1270 2068 1310 2106 p.
1346 2065 1435 2092 120.
1473 2058 1580 2093 orat.
1617 2055 1712 2094 adv.

193 2107 354 2160 epistol.
390 2107 571 2161 Philipp.
604 2122 641 2160 p.
673 2108 760 2161 158.
803 2108 853 2147 de
885 2108 1036 2148 Coron.
1068 2123 1107 2161 p.
1136 2118 1228 2161 «295.
1270 2109 1321 2148 de
1354 2109 1465 2148 Fals.
1493 2111 1639 2163 Legat.
1671 2125 1712 2164 p.

193 2174 290 2213 427.
322 2178 355 2202 e.
390 2163 556 2216 Leptin.
588 2178 627 2216 p.
650 2168 747 2213 460.
810 2164 1039 2204 Praeterea
1079 2165 1329 2204 conferenda
1371 2170 1469 2205 sunt
1509 2179 1602 2204 eum
1636 2167 1715 2206 hoc

194 2223 287 2258 toto
327 2219 416 2258 loco
453 2220 579 2258 verba
613 2219 833 2258 Aeschinis
868 2220 909 2258 in
942 2220 1127 2273 Ctesiph.
1162 2235 1201 2273 p.
1237 2233 1333 2273 79.:
1377 2235 1460 2274 qua
1500 2221 1541 2260 in
1582 2228 1715 2275 parte,

195 2275 337 2327 quales
358 2274 537 2327 majores
559 2274 599 2313 in
622 2275 854 2315 tribuendis
876 2276 1105 2315 honoribus
1126 2275 1280 2316 fuerint
1302 2277 1602 2330 propemodum
1624 2279 1715 2332 pari

194 2330 358 2370 ratione
383 2330 618 2383 exponitur.
653 2331 886 2370 WEBER.

253 2386 350 2433 686,
380 2400 420 2436 4.
463 2387 506 2425 τὸ
547 2387 746 2439 πράττειν]
792 2386 962 2426 Plenius
1001 2386 1109 2426 foret
1149 2388 1192 2426 τὸ
1234 2387 1414 2438 πράττειν
1455 2388 1475 2427 ὃ
1515 2389 1714 2439 πράττετε.

196 2440 449 2481 SOHAEF.

253 2498 348 2543 686,
383 2498 573 2550 4-687,
616 2510 673 2537 12.
716 2499 1075 2550 πρῶτον-μόνον]
1123 2497 1241 2538 Haec
1278 2498 1423 2538 iisdem
1458 2500 1544 2539 fere
1580 2501 1716 2539 verbis

195 2552 391 2606 leguntur
422 2553 461 2591 in
496 2553 685 2593 oratione
716 2567 796 2591 non
830 2553 1158 2593 Demosthenica
1188 2555 1275 2604 περὶ
1307 2554 1526 2604 συντάξεως
1556 2571 1594 2609 p.
1623 2568 1713 2609 172,

202 2619 407 2660 14—173„
439 2622 499 2661 ¹3-

255 2664 350 2711 686,
373 2674 412 2716 5.
442 2664 507 2703 τὸν
532 2665 601 2713 τὴν
630 2666 672 2703 ἐν
694 2667 890 2712 Σαλαμῖνι
919 2666 1139 2716 ναυμαχίαν
1169 2665 1381 2714 νικήσαντα
1410 2667 1471 2706 καὶ
1494 2666 1715 2717 Μιλτιάδην

196 2719 266 2758 τὸν
300 2720 517 2770 ἡγούμενον
554 2719 785 2772 Μαραθῶνι]
824 2719 944 2769 Quod
982 2721 1024 2758 ἐν
1060 2724 1254 2770 Σαλαμῖνι
1291 2721 1447 2761 dictum
1482 2727 1547 2762 est
1582 2737 1715 2776 neque

198 2774 299 2814 item
327 2776 369 2814 ἐν
398 2778 624 2825 Μαραθῶνι,
654 2773 881 2813 communis
916 2789 1044 2827 paene
1076 2775 1269 2828 loquendi
1300 2791 1390 2815 mos
1421 2782 1497 2817 est.
1539 2778 1646 2818 infra
1677 2794 1713 2818 v.

203 2832 265 2869 18.
295 2834 401 2869 orat.
431 2830 482 2869 de
510 2845 647 2870 coron.
678 2845 716 2883 Ι).
742 2841 835 2882 297.
883 2830 1054 2870 Isocrat.
1084 2831 1260 2885 Philipp.
1288 2847 1326 2885 p.
1350 2845 1439 2873 112.
1483 2833 1591 2873 Plat.
1626 2835 1714 2874 Me—

198 2899 344 2925 nexen.
376 2900 414 2938 p.
447 2898 519 2934 241
551 2886 596 2925 13.
660 2886 844 2939 Thucyd.
876 2899 905 2934 ι,
931 2896 995 2938 74.
1060 2888 1257 2927 Aeschin.
1290 2888 1329 2927 in
1365 2888 1550 2943 Ctesiph.
1583 2904 1622 2943 p.
1649 2902 1712 2943 79.
