1997 3256
317 150 403 192 954
654 147 980 188 ADVERSUS
1018 147 1502 189 ARISTOCRATEM.

318 255 400 295 sias
427 269 467 308 p.
496 255 588 294 186.
620 253 983 305 παρεσκευασμένοι
1010 254 1113 296 τινές
1143 255 1218 293 εἰσι
1246 255 1307 294 καὶ
1337 257 1413 293 τῶν
1439 254 1569 305 φίλων
1601 253 1662 293 καὶ
1688 257 1764 293 τῶν
1792 256 1839 294 τὸ.

318 314 384 360 τῆς
404 312 556 351 πόλεως
576 311 824 361 πραττόντων
846 313 998 350 δεῖσθαι
1018 311 1113 360 ὑπὲρ
1136 310 1267 349 αὐτοῦ.
1292 313 1335 349 et
1355 324 1395 362 p.
1417 322 1508 358 141.
1536 310 1623 359 178.
1671 309 1733 350 Cf.
1757 309 1839 350 De-

320 366 526 406 mosthen.
555 381 594 419 p.
618 379 714 419 341.
758 365 965 405 Andocid.
994 380 1032 418 p.
1061 379 1123 417 19.
1153 368 1292 415 Δεῦρο,
1315 364 1472 411 ”Ανυτε.
1509 364 1679 416 Κέφαλε,
1713 365 1768 404 ἔτι
1798 367 1838 404 δὲ

321 423 382 461 καὶ
409 424 445 462 οἱ
476 421 641 472 φυλέται
672 423 708 460 οἱ
738 420 920 471 ᾑρημένοι
949 438 1015 471 μοι
1045 425 1252 467 συνδικεῖν,
1284 420 1525 471 Θράσυλλος
1558 422 1619 460 καὶ
1645 423 1681 460 οἱ
1706 422 1838 460 ἄλλοι,

319 477 517 518 Aeschin.
539 477 590 517 de
611 478 638 516 f.
661 477 785 531 legat.
809 492 848 530 p.
873 490 940 528 52.
975 476 1209 516 WEBER.

376 535 471 585 689,
495 535 692 586 9.-690,
726 546 785 572 ιΙ.
818 532 921 573 Cum
949 537 1093 572 nostro
1118 533 1208 572 loco
1235 531 1423 571 conferas
1449 537 1555 572 orat.
1585 532 1626 571 in
1656 532 1838 572 Androt.

318 604 358 642 p.
382 591 477 641 617.
511 589 551 628 in
585 589 815 629 Timocrat.
846 604 888 642 p.
912 601 1005 642 757.
1042 593 1085 628 et
1116 587 1337 641 praecipue
1370 587 1540 641 Olynth.
1564 602 1603 641 3.
1635 603 1673 640 p.
1696 600 1765 640 35.
1798 594 1840 628 et

321 645 780 685 Pseudo-Demost-hen.
810 645 861 684 de
892 650 1056 698 syntax.
1078 659 1118 696 p.
1144 657 1233 696 174.
1265 643 1415 696 quibus
1446 643 1546 683 locis
1577 644 1723 684 eadem
1754 644 1839 684 fere

318 701 464 741 iisdem
486 701 622 741 verbis
643 701 824 755 repet-ita
851 706 961 741 sunt.
996 699 1229 739 WEBER.

377 759 471 809 689„
498 759 561 797 28.
588 756 800 811 ἀφανίσαι]
828 757 896 797 Ita
923 771 1176 803 consumere,
1199 761 1291 796 tota
1315 760 1359 795 ut
1384 761 1603 796 evanescat
1626 770 1655 795 s.
1680 761 1839 809 pereat.

320 813 571 854 SOHAEF.

377 871 530 910 εἰκότως
561 869 824 908 referendum
859 869 913 908 ad
949 868 1136 922 proxime
1167 867 1473 907 antecedentia.
1536 867 1718 907 Sensus:
1754 867 1840 907 Nec

318 925 469 964 mirum
498 924 615 973 istos,
638 924 906 978 quantumvis
935 930 1012 964 sat·
1014 929 1147 978 igant
1177 924 1254 963 hoc
1282 925 1419 963 facere
1447 938 1528 962 non
1557 937 1704 976 posse:
1737 924 1841 963 adeo

320 981 453 1035 glolia
476 981 681 1034 majonun
703 980 1021 1034 exsplendescit.
1031 958 1167 1021 GSCH
1175 981 1255 1019 AF.
1263 980 1309 1018 Ι.

377 1039 471 1087 681),
498 1048 562 1089 29.
584 1038 636 1090 τῷ
660 1041 772 1090 κυρίῳ
794 1041 868 1076 τῶν
892 1038 1025 1088 φόρων
1047 1038 1245 1089 γενομένῳ
1271 1035 1382 1084 τάξαι
1402 1034 1644 1089 Ἀριστείδη]
1670 1035 1841 1075 Aeschi-

320 1107 392 1133 nes
421 1093 471 1132 de
499 1093 526 1132 f.
550 1093 738 1147 1633133).
762 1106 830 1145 31
854 1092 1095 1144 Ἀριστείδης
1123 1094 1142 1131 ὁ
1169 1109 1257 1133 τους
1286 1093 1429 1142 φόρους
1456 1093 1573 1139 τάξας
1598 1096 1677 1132 τοῖς
1691 1090 1842 1141 ’Ἐλλη-

321 1166 395 1196 σιν,
427 1151 446 1187 ὁ
475 1150 620 1190 δίκαιος
652 1150 968 1198 ἐπικαλούμενος.
1012 1149 1072 1188 Cf.
1103 1148 1316 1187 Plutarch.
1341 1147 1380 1185 V
1387 1178 1394 1186 .
1419 1147 1596 1186 Aris-tid.
1623 1160 1686 1197 24.
1731 1147 1841 1186 Thu-

318 1205 408 1258 cyd.
438 1218 471 1251 1,
495 1206 562 1256 96.
613 1204 783 1243 Diodor.
813 1218 874 1251 11,
897 1216 965 1255 47.
1015 1204 1179 1243 Cornel.
1204 1204 1308 1256 Nep.
1331 1202 1404 1242 vit.
1428 1202 1608 1242 Aristid.
1633 1216 1672 1255 3.
1738 1202 1840 1256 Ejus

318 1260 495 1300 arbitrio
537 1260 821 1314 quadringena
865 1266 907 1300 et
952 1274 1161 1313 sexagena.
1201 1260 1360 1299 talenta
1401 1258 1626 1311 quotannis
1668 1258 1841 1298 collecta.

319 1324 430 1356 sunt.
466 1317 706 1355 WEBER.

377 1375 471 1424 690,
495 1386 534 1422 4.
563 1372 742 1424 χρήματα
769 1374 917 1424 ὑπῆρχε
945 1376 1115 1411 πλεῖστα
1142 1376 1218 1410 τῶν
1240 1370 1396 1410 πάντων
1416 1369 1644 1423 (Ελλήνων]
1670 1369 1717 1408 P.
1741 1372 1838 1420 617.

319 1428 495 1480 χρήματα
522 1431 594 1477 μὲν
615 1431 688 1478 γὰρ
710 1431 879 1467 πλεῖστα
904 1432 980 1467 τῶν
1001 1426 1209 1476 (Ελλήνων
1231 1429 1323 1465 ποτὲ
1347 1427 1456 1477 σχὼν
1480 1428 1519 1476 (ὁ
1542 1428 1676 1475 δῆμος)
1702 1426 1839 1465 ἅπανθ’

318 1486 414 1534 ὑπὲρ
448 1485 672 1534 φιλοτιμίας
708 1484 925 1531 ἀνήλωσεν.
990 1483 1148 1533 Quibus
1179 1482 1314 1522 verbis
1346 1481 1505 1535 pariter
1536 1486 1664 1534 atque
1696 1486 1840 1520 nostro

318 1540 410 1580 loco
434 1539 635 1579 Aristidis
665 1545 706 1579 et
731 1539 903 1579 Periclis
931 1544 1050 1579 aetas
1072 1539 1327 1592 designatur,
1352 1552 1434 1590 qua
1462 1552 1647 1576 summae
1673 1537 1841 1577 divitiae

318 1610 341 1635 e
362 1595 566 1635 reditibus
594 1595 743 1635 annuis
772 1601 815 1634 et
838 1595 1007 1635 tributis
1037 1595 1242 1634 sociorum
1271 1594 1553 1633 confluebant.
1591 1593 1777 1646 Thucyd.
1808 1607 1839 1639 1,

320 1652 386 1690 80.
452 1652 515 1690 De
547 1666 628 1705 qua.
660 1665 705 1690 re
736 1651 816 1690 vid.
848 1651 1046 1690 Boeckhii
1080 1651 1231 1689 Oecon.
1262 1663 1294 1688 1.
1329 1665 1366 1703 p.
1394 1651 1491 1702 465.
1526 1662 1561 1689 2.
1588 1664 1627 1702 p.
1659 1663 1720 1700 19.
1784 1649 1841 1688 Et

318 1721 617 1760 nonnunquam
642 1707 947 1747 Demosthenes
971 1707 1251 1746 Athenienses
1278 1720 1377 1745 suae
1406 1705 1560 1745 aetatis
1587 1704 1690 1744 alios
1713 1705 1841 1745 Grae—

320 1777 390 1802 cos
419 1763 566 1816 opibus
596 1776 792 1815 siqierare
821 1763 937 1811 dicit,
964 1768 1008 1802 ut
1040 1762 1210 1816 Olynth.
1238 1775 1265 1800 1.
1289 1776 1327 1814 p.
1354 1775 1412 1812 ¹4·
1452 1761 1631 1814 Philipp.
1660 1775 1688 1800 1.
1714 1774 1838 1814 p51.

319 1818 443 1868 Quid,
466 1819 575 1871 quod
604 1824 710 1858 orat.
737 1819 788 1858 de
816 1833 1011 1872 symmor.
1035 1834 1074 1872 p.
1098 1822 1189 1870 185.
1213 1832 1261 1857 eo
1282 1817 1372 1870 ipso
1400 1822 1600 1870 tempore,
1624 1832 1706 1870 quo
1727 1831 1840 1870 mag-

319 1874 381 1913 nis
409 1874 463 1913 illi
496 1874 846 1914 conflictabantur
876 1875 1006 1919 malis,
1039 1874 1188 1914 ceteris
1220 1873 1459 1913 civitatibus
1488 1887 1616 1926 prope
1648 1872 1839 1912 omnibus

318 1944 439 1983 pares
463 1930 563 1970 fecit
584 1930 743 1983 opibus.
780 1931 1021 1969 WEBER.

375 1987 470 2037 690,
494 1989 531 2025 6.
565 1987 600 2026 οἳ
630 1988 702 2035 μὲν
732 1989 780 2025 τὰ
812 1989 921 2026 κοινὰ
953 1986 1202 2038 διοικοῦντες]
1241 1985 1429 2025 Obscure
1466 1984 1767 2038 significantur.
1805 1984 1838 2023 si

319 2041 505 2095 Ulpiano
545 2042 599 2081 ad
643 2042 800 2094 Olynth
851 2055 889 2095 3.
927 2057 965 2094 p.
1000 2043 1068 2094 36.
1110 2041 1326 2084 credimus
1371 2040 1593 2087 Demades.
1636 2040 1837 2087 Eubulus,

323 2098 502 2150 Phryne,
540 2097 814 2137 Philocrates.
880 2097 1163 2137 Philocratem
1199 2096 1285 2149 ipse
1324 2096 1629 2135 Demosthenes
1665 2096 1839 2148 posteri-

317 2153 378 2191 ori
411 2159 598 2206 tempore
634 2153 744 2192 inter
779 2153 940 2207 legatos
972 2168 997 2192 a
1034 2152 1224 2206 Philippo
1260 2152 1368 2191 dites
1404 2153 1670 2204 corruptione
1704 2152 1837 2192 factos

318 2208 565 2248 nominatim
587 2208 769 2262 appellat
792 2214 897 2248 orat.
921 2209 971 2248 de
993 2209 1018 2247 f.
1041 2208 1166 2261 legat.
1190 2223 1228 2261 p.
1252 2208 1348 2259 386.
1383 2208 1627 2246 WEBER.

375 2266 469 2311 600,
503 2266 560 2303 16.
589 2269 664 2303 τῶν
695 2266 837 2314 ἑτέρων
866 2266 1039 2317 ἀγαθῶν]
1070 2264 1119 2303 Ι(1
1141 2270 1217 2311 est.
1241 2267 1316 2302 τῶν
1339 2263 1484 2313 ἑτέροις
1513 2264 1637 2302 ὄντων
1666 2264 1836 2314 ἀγαθῶν,

317 2325 363 2360 ut
397 2320 592 2359 Reiskius
620 2320 938 2373 interln‘etatur,
970 2335 1020 2359 ne
1051 2320 1141 2372 quis
1171 2320 1312 2369 ἑτέρων
1339 2324 1454 2358 arcte
1485 2319 1714 2371 conjungat
1744 2333 1837 2357 cum

317 2377 484 2426 ἀγαθῶν.
547 2375 884 2429 Ambiguitatem
926 2376 1121 2415 librarius
1163 2375 1252 2414 cod.
1287 2375 1409 2413 unius
1449 2375 1672 2427 prohibere
1709 2374 1837 2414 voluit

315 2431 534 2471 sclibendo
561 2436 638 2471 τῶι
663 2436 739 2471 τῶν
768 2433 909 2482 ἑτέρωι
938 2433 1106 2482 αγαθῶν,
1131 2432 1203 2471 sed
1232 2445 1314 2469 non
1340 2430 1579 2483 infrequens
1607 2437 1671 2470 est
1697 2430 1837 2483 hujus-

315 2488 427 2526 modi
458 2488 735 2540 genitixorum
766 2488 878 2540 apud
910 2487 1090 2541 optimos
1119 2487 1343 2540 sciiptores
1376 2500 1613 2525 concuisus.
1677 2485 1837 2525 Attulit

317 2542 562 2583 Schaefcius
597 2544 635 2582 h.
664 2543 690 2582 l
725 2543 958 2596 exemplum
989 2558 1037 2582 ex
1072 2559 1111 2596 p.
1144 2556 1193 2593 92
1201 2546 1236 2581 6.
1276 2544 1315 2581 ἐκ
1352 2546 1428 2581 τῶν
1459 2544 1606 2582 τούτων
1642 2541 1836 2581 ἁπάιτων.

317 2598 440 2637 Adde
472 2614 510 2652 p.
540 2612 632 2648 24¹·
667 2602 729 2638 διὰ
760 2603 836 2638 τῶι
869 2599 1010 2649 ἑτέρωι
1043 2601 1239 2638 κιιὸύνωι.
1273 2598 1297 2637 i.
1321 2612 1355 2637 e.
1378 2598 1576 2651 perz'culis
1559 2627 1589 2645 ,
1616 2611 1715 2650 quae
1741 2597 1838 2636 alies

316 2654 575 2694 cummium-ent.
611 2655 854 2694 WEBER.

373 2714 471 2760 690,
497 2723 559 2763 23.
586 2712 837 2760 Χαρίδημονς
862 2712 979 2763 οἴμοι]
1003 2710 1293 2772 'Ayavdm-ryow
1315 2711 1495 2760 ἐμφαίνει
1516 2711 1564 2748 τὰ
1584 2711 1752 2755 τοιαῦτα,
1776 2708 1837 2749 ait

316 2764 605 2819 Hennogenes
637 2766 977 2819 x01.3.p.341
1011 2766 1146 2806 citans
1182 2767 1220 2806 11.
1249 2766 1274 2805 l.
1308 2772 1350 2806 et
1381 2764 1729 2819 p.618.1de1n
1760 2765 1836 2804 hos

314 2821 418 2860 ‹luos
440 2822 550 2861 locos
572 2822 694 2875 paulo
723 2827 821 2862 ante
842 2836 881 2875 p.
906 2835 1002 2876 337.
1026 2822 1153 2862 refert
1174 2823 1228 2862 ad
1251 2823 1552 2873 σχετλιαστικὰς
1579 2822 1729 2862 ἐινοιας
1751 2820 1835 2859 sive

315 2879 596 2927 σχετλιασμοιι
627 2893 747 2931 quem
781 2879 970 2918 r‘hetoies
1001 2878 1158 2923 dicunt
1182 2878 1341 2917 addens
1372 2892 1422 2916 ex
1451 2891 1490 2929 p
1513 2889 1609 2929 375.
1640 2876 1753 2918 αὐτὸς
1781 2875 1835 2916 ὢν

315 2932 418 2979 οἶμαι
450 2936 660 2981 θτιυμιισιως
683 2935 925 2983 στρατιώτης
951 2953 978 2972 ω
1004 2938 1090 2973 Ζεῦ.
1157 2934 1177 2969 (
1181 2934 1216 2971 f.
1243 2933 1444 2972 Aristidis
1467 2938 1601 2972 altem
1625 2932 1730 2971 rhet.
1755 2932 1831 2971 vol.
