1997 3256
327 148 411 189 988
652 148 982 188 ADVERSUS
1015 149 1523 190 ARISTOCRATEM.

329 253 485 293 Valesii
517 258 589 292 not
631 253 837 293 Philiscus
868 254 1046 295 fortasse
1077 255 1186 295 idem
1217 261 1281 296 est
1304 272 1440 311 quem,
1465 257 1650 297 Diodoro
1671 263 1844 297 auctore

334 322 392 362 15.
430 320 507 359 70„
547 311 810 349 Artaxerxes
851 310 967 350 misit
1001 311 1184 352 Graecos
1225 312 1444 354 hortatum
1477 318 1525 354 ut
1556 313 1674 354 bellis
1713 313 1844 353 finitis

326 365 507 417 gratiam
531 365 641 405 inter
662 380 706 405 se
728 373 1037 420 componerent.
1074 367 1307 408 WEBER.

385 423 479 469 666,
506 434 570 470 24.
593 425 732 464 παῖδας
754 423 982 473 ἐλευθέρους
1004 425 1162 477 ἀδικῶν]
1184 428 1324 467 παῖδας
1347 426 1575 477 ἐλευθέρους
1597 427 1743 466 ἀδικεῖν
1764 426 1844 480 sig-

326 477 469 518 nificat
497 478 593 531 jura
615 484 657 518 et
679 478 930 532 dignitatem
956 494 1181 533 puerorum
1203 480 1368 521 laedere
1391 497 1515 536 quam
1536 482 1695 522 habent
1716 482 1845 522 libere

326 533 440 581 natig
475 534 601 574 veluti
631 535 747 588 gravi
779 550 913 589 poena
943 541 1112 576 cautum
1141 542 1233 577 erat
1254 536 1478 591 ingenuum
1510 553 1683 592 puerum
1705 539 1844 578 verbe-

326 605 432 630 rare.
492 592 666 642 ὑβρίζειν
687 606 784 631 vero
816 592 987 632 arctiori
1015 593 1052 632 vi
1085 593 1247 646 accepit
1277 599 1325 634 ut
1355 596 1468 645 ὕβρις
1498 594 1542 634 δι’
1567 596 1845 647 αἰσχρουργίας

325 646 640 701 intelligeretur.
676 647 911 689 WEBER.
973 650 1103 690 Recte
1140 649 1446 703 interpretatur
1479 652 1663 702 ὑβρίζειν.
1725 651 1844 690 Simi-

324 703 420 743 liter
450 705 595 743 ἀὸικεῖν
616 704 901 758 accipiendum
922 705 1098 753 videtur.
1123 706 1233 759 quosl
1262 706 1421 746 vitandi
1454 707 1708 747 obscenioris
1730 707 1843 747 verbi

325 774 471 800 caussa
508 760 647 814 posuit
684 765 839 810 orator,
882 767 929 802 ut
970 762 1255 802 Rehdantzius
1292 763 1453 804 monuit
1494 763 1535 802 in
1576 778 1750 803 censura
1778 764 1841 804 ed.

325 815 499 856 erberi
522 816 562 855 in
586 816 728 857 Jahnii
752 818 904 859 Annal.
927 818 1067 873 philol.
1090 834 1127 859 a.
1152 818 1270 870 1846.
1293 834 1333 872 p.
1355 831 1450 869 407.

383 874 477 919 666,
505 873 569 912 28.
603 876 864 926 Θερσαγόρας
896 875 1004 925 ὅνομ”
1033 876 1149 929 αὐτῷ]
1183 875 1475 930 Negligentius
1506 875 1713 929 loquitur:
1747 890 1842 916 nam

324 928 543 968 dicendum
565 934 655 969 erat
678 931 728 984 τῷ
750 932 822 979 μὲν
845 932 969 970 αὐτῶν
992 935 1041 972 Θ.
1063 933 1198 982 ὄνομα.
1262 932 1353 983 Quo
1373 932 1673 986 grammaticus
1694 932 1843 986 aliquis

323 985 502 1024 offensus
534 985 804 1039 interpolavit
837 989 1095 1039 Θερσαγόρας
1126 987 1233 1038 ὄνομ’
1262 989 1387 1028 αὐτῶν
1413 989 1573 1042 θατέρῳ,
1597 990 1648 1042 τῷ
1681 988 1710 1029 δ’
1732 989 1844 1039 Εξή-

324 1058 472 1088 κεστος,
496 1042 607 1094 quod
630 1041 782 1096 legitur
804 1042 845 1081 in
866 1044 1018 1084 tertiae
1040 1044 1183 1084 classis
1205 1045 1427 1085 codicibus.
1476 1045 1671 1085 Execesti
1694 1060 1844 1086 nomen

323 1111 371 1136 ex
395 1097 433 1136 h.
457 1097 482 1136 l.
506 1098 725 1139 annotavit
750 1099 1048 1152 Harpocratio.

378 1155 473 1202 666,
502 1167 564 1206 29.
589 1158 668 1197 τοῖς
688 1155 775 1207 παρ’
798 1156 903 1209 ὑμῖν]
928 1156 1164 1197 Harmodio
1186 1162 1228 1198 et
1250 1157 1544 1211 Aristogitoni.
1568 1157 1637 1211 qui
1661 1157 1844 1212 Hippar-

321 1210 445 1249 chum
481 1210 748 1251 occiderunt:
783 1227 886 1265 quos
922 1213 1049 1253 etiam
1084 1227 1182 1253 mox
1215 1213 1349 1253 innuit
1381 1229 1420 1268 p.
1444 1215 1538 1266 667,
1562 1227 1625 1267 13.
1658 1215 1744 1256 τοὺς
1771 1216 1844 1263 μὲν

321 1265 408 1317 παρ’
432 1269 521 1317 ὑμῖν
543 1273 619 1307 etc.
656 1268 1016 1309 MARKLAND.

379 1325 473 1374 657.
501 1337 560 1363 11.
601 1324 797 1375 ἐφήπτετό
831 1326 903 1380 τις]
952 1326 1143 1381 Intellige
1181 1327 1318 1375 αὐτῶν,
1357 1326 1645 1381 Thersagorae
1682 1331 1724 1367 et
1761 1327 1841 1366 Ex-

321 1381 459 1420 ece-sti.

378 1438 475 1487 667,
501 1450 561 1478 12.
598 1437 774 1487 ἐξεὸίὸοτ’
805 1438 838 1478 si
869 1443 982 1479 recte
1019 1439 1184 1494 legitur,
1211 1454 1288 1493 pro
1323 1441 1512 1489 ἐξεὸίὸοτε
1543 1439 1840 1493 accipiendum,

321 1508 498 1546 quocum
529 1494 602 1533 ὑπὸ
633 1498 699 1533 τοῦ
730 1495 916 1546 ὑμετέρου
943 1497 1200 1547 ψηφίσματος
1228 1496 1374 1535 eodem
1403 1495 1526 1535 modo
1554 1500 1843 1536 constructum

320 1550 429 1589 foret
464 1564 544 1602 quo
571 1565 610 1604 p.
642 1552 737 1602 360.
771 1554 818 1590 τὰ
851 1553 1037 1603 δόγματα,
1076 1551 1140 1604 ὑφ’
1180 1554 1232 1592 ὧν
1266 1556 1450 1593 καθεῖλον
1482 1553 1607 1592 αὐτῶν
1639 1555 1686 1592 τὰ
1719 1555 1840 1605 τείχη,

320 1621 442 1659 quem
473 1606 608 1646 locum
633 1607 843 1647 Weberus
875 1609 1146 1661 comparavit,
1170 1614 1212 1648 et
1235 1623 1342 1663 quae
1364 1614 1460 1649 sunt
1483 1608 1632 1648 similia
1654 1609 1843 1662 exempla,

320 1663 541 1702 verborum
581 1663 813 1703 activorum
856 1679 950 1704 cum
989 1666 1063 1705 ὑπὸ
1100 1670 1447 1705 constructorum.
1512 1665 1667 1704 Parum
1699 1671 1842 1705 tamen

321 1719 540 1759 verisimile
562 1724 625 1760 est
649 1734 729 1759 non
763 1721 940 1760 sensisse
963 1721 1292 1762 Demosthenem
1317 1726 1475 1775 quanto
1506 1721 1645 1774 aptius
1670 1722 1725 1762 sit
1747 1737 1843 1776 pas·

322 1775 453 1814 sivum
476 1775 680 1824 ἐξεδίδοντ’
700 1777 747 1816 ἂν
761 1777 834 1816 ὑπὸ
858 1781 924 1816 τοῦ
948 1778 1132 1828 ὑμετέρου
1153 1779 1424 1829 ψηφίσματος,
1444 1792 1571 1832 quum
1592 1779 1841 1832 praesertim

321 1831 600 1872 Athenienses
633 1832 798 1885 quidem
831 1839 877 1873 ut
909 1840 1102 1874 auctores
1133 1834 1346 1887 cogitandi
1375 1835 1458 1875 sint
1479 1834 1650 1883 decreti,
1672 1836 1714 1874 τὸ
1745 1837 1841 1875 ἐκδι-

322 1889 431 1928 δόναι
464 1894 607 1928 autern
641 1889 888 1929 Lesbiorum
929 1887 1203 1944 magistratus
1244 1891 1423 1931 officium
1454 1891 1641 1931 futurum
1682 1892 1838 1932 fuisset.

324 1944 418 1984 Hoc
441 1945 570 1999 igitur
591 1960 683 1985 cum
707 1946 887 2001 Seagero
912 1948 1219 1988 restituendum
1239 1947 1435 1988 arbitror.

381 2003 475 2052 667.
502 2015 560 2054 1⁴3.
595 2004 628 2042 εἰ
649 2004 736 2044 τοὺς
756 2005 828 2053 μὲν
849 2003 936 2055 παρ’
959 2006 1049 2054 ὑμῖν
1073 2023 1105 2044 κ.
1124 2022 1159 2043 τ.
1175 2005 1233 2057 λ.]
1262 2004 1439 2044 Sensus:
1474 2004 1519 2051 si.
1544 2019 1635 2044 cum
1659 2004 1840 2044 Harmo-

321 2057 434 2096 (lium
453 2064 494 2097 et
514 2058 848 2111 Aristogitonem
869 2060 1038 2100 summis
1054 2061 1281 2100 honoribus
1303 2060 1690 2107 condecoraveritis,
1711 2061 1840 2100 Ther-

321 2128 513 2168 sagoram
536 2119 578 2154 et
602 2111 855 2155 Execestum
877 2116 967 2169 rapi
988 2117 1043 2157 ad
1064 2131 1241 2170 poenam
1262 2117 1409 2157 essetis
1430 2117 1554 2171 passi.
1605 2117 1764 2157 Eadem
1786 2118 1839 2157 ad

322 2184 486 2209 sensum
528 2171 678 2211 relatio
718 2172 1016 2225 particularum
1058 2175 1129 2223 μὲν
1171 2178 1212 2213 et
1249 2175 1290 2213 δὲ
1331 2189 1368 2223 p.
1405 2176 1500 2228 690,
1538 2184 1601 2223 27.
1641 2185 1734 2226 709,
1775 2175 1840 2213 26.

323 2226 573 2266 SCHAEF.

379 2285 476 2335 667,
499 2295 560 2335 17.
593 2287 703 2323 τοῦτο
725 2285 856 2324 τοίνυν
880 2285 935 2325 ἐπ’
961 2287 1110 2325 ἐκείνου
1130 2287 1215 2335 μὲν,
1241 2287 1282 2326 εὖ
1303 2289 1452 2332 ποιοῦν,
1476 2287 1520 2326 οὐ
1543 2286 1694 2336 συνέβη
1717 2292 1839 2337 φενα-

322 2342 514 2379 κισθεῖσιν
546 2341 636 2389 ὑμῖν
670 2342 861 2393 αἰσχύνην
898 2341 1063 2396 ὀφλεῖν]
1100 2342 1194 2382 Hoc
1230 2342 1339 2382 idem
1375 2343 1485 2383 valet
1521 2357 1569 2383 ae
1607 2342 1640 2381 si
1682 2342 1839 2383 (lictum

319 2401 452 2436 esset:
486 2398 641 2447 τοιαύτη
678 2400 809 2437 τοίνυν
845 2399 866 2448 ἡ
901 2400 1067 2451 αἰσχύνη
1107 2398 1164 2438 ἐπ’
1200 2400 1346 2439 ἐκείνου
1382 2401 1468 2448 μὲν,
1502 2400 1543 2439 εὖ
1576 2402 1755 2445 ποιοῦσα,
1795 2400 1838 2439 οὐ

321 2452 469 2502 συνέβη
506 2457 805 2503 φενακισθεῖσιν
841 2456 943 2504 ὑμῖν.
1005 2454 1113 2494 Nam
1150 2459 1261 2494 τοῦτο
1295 2455 1525 2508 explicatur
1557 2455 1692 2495 verbis
1732 2470 1838 2508 quae

320 2512 551 2561 sequuntur
583 2511 776 2562 αἰσχύνην
807 2511 962 2561 ὀφλεῖν,
987 2515 1033 2551 ut
1056 2511 1238 2551 Wolfius
1264 2511 1379 2551 vidit.
1442 2512 1586 2566 Neque
1617 2511 1839 2565 quisquam

321 2564 502 2605 offendet
525 2565 566 2604 in
588 2579 637 2605 eo
660 2566 770 2619 quod
800 2567 1000 2607 articulus
1030 2567 1235 2607 infinitivo
1264 2583 1345 2608 non
1367 2568 1536 2609 additus
1558 2574 1634 2608 est.
1698 2567 1765 2607 Sic
1797 2582 1835 2621 p.

327 2624 417 2660 116.
445 2622 495 2661 28
515 2638 522 2661 :
556 2623 656 2671 ὅμως
678 2622 758 2662 οὔθἼ
780 2624 869 2673 ὑμῖν
891 2625 978 2664 οὔτε
1002 2624 1195 2674 Θηβαίοις
1221 2626 1309 2665 οὔτε
1331 2626 1648 2675 Λακεδαιμονίοις
1668 2625 1836 2664 οὐδεπώ-

321 2694 427 2725 ποτε,
470 2677 498 2717 ὦ
540 2679 676 2729 ἄνδρες
715 2679 930 2729 Ἀθηναῖοι,
972 2680 1223 2732 συνεχωρήθη
1257 2680 1358 2720 τοῦθ’
1395 2681 1469 2720 ὑπὸ
1505 2685 1579 2720 τῶν
1614 2679 1835 2730 ξΕλλήνων,

322 2738 447 2773 ποιεῖν
469 2735 491 2773 ὅ
513 2751 547 2773 τι
567 2736 781 2783 βούλεσθε.
815 2740 858 2775 et
879 2735 976 2776 alibi
998 2751 1081 2776 non
1103 2751 1210 2777 raro.
1243 2737 1476 2776 WEBER.
1527 2737 1580 2776 V.
1605 2737 1658 2776 ad
1680 2751 1721 2789 p.
1744 2738 1834 2780 116,

325 2790 388 2829 28.

379 2847 473 2897 667,
497 2858 557 2886 22.
590 2848 786 2896 βούλομαι
809 2848 938 2887 τοίνυν
960 2848 1028 2898 ἤδη
1053 2866 1085 2888 κ.
1107 2866 1135 2888 r.
1150 2849 1209 2901 λ.]
1249 2849 1455 2889 Absoluta
1484 2854 1604 2902 parte
1636 2848 1836 2888 Orationis

322 2902 468 2949 media,
493 2916 574 2954 qua
600 2902 933 2943 demonstratum
964 2904 1077 2944 (ledit
1102 2904 1436 2945 Aristocrateam
1468 2905 1727 2959 rogationem
1759 2905 1834 2944 rei-

322 2957 512 3010 publicae
553 2958 791 3010 pestiferam
829 2974 930 3008 esse,
966 2961 1119 3001 transit
1157 2975 1264 3000 nunc
1302 2966 1446 3002 orator
1477 2962 1530 3002 ad
1564 2966 1831 3015 postremam,
