1997 3256
332 140 443 181 1044
616 138 939 179 ADVERSUS
972 137 1470 178 ARISTOGITONEM
1505 138 1561 178 II.

335 244 584 296 φρονήσειεν,
620 244 681 283 καὶ
716 243 804 285 τοὺς
839 243 977 285 αὐτοὺς
1009 243 1164 284 τούτους
1200 244 1347 294 κυρίους
1382 243 1564 284 ἁπάντων
1598 248 1673 284 τῶν
1712 248 1849 284 κοινῶν

337 303 574 350 καθίσταμεν
595 301 651 341 οἷς
676 299 800 341 οὐδεὶς
827 299 875 339 ἂν
896 299 1010 339 οὐδὲν
1034 303 1111 339 τῶν
1139 300 1244 339 ἰδίων
1270 298 1527 351 ἐπιτρέψειεν.
1569 300 1589 339 ὃ
1621 301 1662 340 δὲ
1693 299 1851 341 πάντων

336 357 638 409 σχετλιώτατον,
656 356 721 398 οὓς
741 357 816 407 γὰρ
833 355 1152 407 ὁμολογήσαιμεν
1169 355 1217 395 ἂν
1233 354 1517 406 πονηροτάτους
1534 356 1632 396 εἶναι
1647 360 1724 396 τῶν
1739 361 1849 396 πολι-

333 417 421 458 τῶν,
446 413 602 453 τούτους
622 410 879 453 πιστοτάτους
899 413 1079 464 φύλακᾳς
1098 411 1297 462 ἡγούμεθα
1317 413 1383 460 τῆς
1403 413 1602 454 πολιτείας
1623 412 1735 452 εἶναι.

393 470 487 521 807,
511 468 547 508 8.
572 467 907 521 φάσκοντας-τῷ
930 468 1053 521 λόγῳ]
1092 467 1209 507 Inter
1229 467 1508 521 pleonasticas
1538 467 1767 508 locutiones
1788 483 1849 509 re-

333 525 413 565 fert
438 524 669 564 Lobeckius
690 524 745 564 ad
769 523 995 577 Phrynich.
1019 538 1056 577 p.
1083 534 1104 576 7
1108 535 1178 577 54.
1242 523 1350 562 Mihi
1371 523 1536 564 videtur
1556 523 1732 578 amplius
1749 524 1849 579 quid

334 580 506 620 indicari
532 595 658 633 quam
691 579 864 634 simplici
891 580 1128 631 φάσκοντας.
1169 580 1396 620 dictitantes
1427 579 1614 620 inanibus
1645 581 1849 620 verbor-um

333 637 536 691 ampullis.
581 636 732 676 Confer
751 636 887 687 λέγειν
907 637 1051 688 λόγους
1072 650 1111 688 p.
1133 649 1178 688 15’
1188 649 1251 687 247
1271 649 1310 689 5.
1373 636 1463 687 Qua
1485 636 1691 677 locutione
1713 637 1849 678 utitur

332 693 461 741 ctiam
484 692 705 746 Euripides
729 692 842 732 Med.
866 704 963 746 322.
1006 692 1262 732 SCHAEF.

391 750 488 802 807,
510 750 568 789 16.
596 749 753 790 ἑαυτοὺς
777 748 883 789 male
909 762 1105 789 excusum
1130 763 1207 802 pro
1229 749 1374 797 αὐτούς,
1398 763 1479 801 quo
1499 748 1698 789 restituto
1719 763 1847 790 anno-

332 806 536 847 tationem
557 805 585 845 h
608 805 664 845 sio
686 805 860 859 corrige,
884 804 1040 858 αὐτοὺς]
1066 806 1223 847 ἑαυτοὺς
1246 805 1287 845 S.
1309 805 1444 847 αὐτοὺς
1464 804 1598 858 vulgo.
