1997 3256
324 156 408 198 948
655 155 976 197 ADVERSUS
1010 156 1499 199 ARISTOCRATEM.

324 260 470 299 mitem
492 275 534 300 se
554 261 695 314 gessit,
720 262 836 315 quasi
859 276 950 302 eam
979 276 1059 301 non
1090 277 1206 302 suam
1229 263 1301 302 sed
1325 262 1647 303 Atheniensium
1668 263 1838 305 duceret

325 320 366 354 et
409 315 450 355 in
490 331 586 356 suos
627 322 794 357 tantum
835 332 933 357 usus
972 332 1159 358 1¹·ese1v·a1
1162 324 1216 365 et,
1255 319 1327 358 sed
1368 319 1513 359 ultimo
1549 325 1737 373 tempore
1775 321 1838 373 (τὸ

324 376 562 418 τελευταῖον,
589 372 614 412 1.
639 373 1063 436 0.,()1)1111).106,4
1088 374 1168 414 sid.
1200 374 1372 414 Diodor.
1399 377 1460 423 16,
1487 377 1578 428 34)
1607 390 1698 416 eam
1727 376 1840 416 haud

325 432 574 467 cunctantei
594 428 750 468 civibus
778 429 944 482 eripuit.
996 429 1203 470 Videlicet
1225 430 1504 470 Athenienses
1527 431 1610 471 Cal
1612 432 1723 472 diam
1745 447 1840 472 cum

324 482 539 535 peninsula
568 484 763 525 amissam
794 499 876 524 non
905 485 1074 525 desiisse
1103 499 1220 526 suam
1241 500 1331 525 esse
1355 486 1686 527 arbitrabantur.
1722 488 1840 527 WE-

326 539 455 578 BER.

383 595 476 641 681,
503 609 562 648 13.
593 598 630 636 οἱ
659 598 731 645 μὲν
763 597 988 648 ἀφιγμένοι,
1020 599 1056 637 οἱ
1087 598 1117 637 δ’
1141 599 1259 637 ἄλλοι
1289 599 1434 637 τούτων
1462 599 1683 650 ἀκούοντες]
1720 599 1839 639 Tem-

324 665 440 704 pore,
462 666 543 704 quo
575 652 723 692 habita
750 658 814 693 est
842 653 977 693 oratio
1007 653 1058 693 de
1081 653 1335 698 Halonneso,
1359 654 1640 694 Chersonesus
1664 655 1839 695 Atheni-

325 707 491 746 ensibus
519 713 691 761 propter
712 708 894 749 colonias
916 724 963 749 eo
985 709 1189 749 deductas
1217 709 1435 750 notissima
1456 715 1560 750 erat.
1624 710 1762 761 Quare
1784 711 1839 751 ibi

324 777 364 816 p.
399 765 464 814 87.
494 764 545 803 de
575 764 744 818 regione
774 765 843 805 illa
874 765 1031 805 dictum
1062 770 1150 806 est:
1184 767 1282 816 ὅσην
1313 768 1349 805 οἱ
1379 767 1522 805 πολλοὶ
1552 768 1657 816 ὑμῶν
1688 769 1835 807 ἴσασιν.

327 820 409 858 Sed
433 820 594 874 Olymp.
620 833 707 871 107,
729 834 777 869 1.,
801 821 865 860 eui
897 821 1149 874 assignanda
1172 828 1233 861 est
1258 822 1561 885 Aristocratea,
1584 822 1652 861 vix
1674 823 1840 862 demum

325 881 571 928 recuperata
594 880 613 916 (
619 877 702 916 1101·
705 892 864 926 soneso,
887 877 1051 931 plurimi
1075 892 1120 916 er
1121 883 1196 918 ant
1214 878 1407 923 Athenis
1427 878 1495 931 qui
1515 892 1619 931 quae
1641 878 1691 918 de
1715 879 1840 919 Cher-

326 945 473 970 soneso
510 932 664 972 3011001
696 933 808 973 fama
838 939 881 973 et
917 934 1131 973 auditione
1167 934 1437 988 accepissent.
1504 934 1664 974 111011οο
1695 940 1841 975 0111101·

326 1001 395 1027 003
419 987 520 1040 qui
509 988 687 1028 audiunt
717 989 759 1028 in
786 990 890 1029 duas
920 994 1063 1052 partes
1085 990 1311 1036 distribuit
1336 990 1377 1029 in
1400 1004 1484 1037 eos,
1507 991 1575 1043 qui
1607 990 1662 1029 ibi
1685 990 1841 1031 versati

325 1048 483 1083 terram
505 1058 583 1083 nov
586 1059 632 1084 er
633 1049 707 1085 ant
729 1050 771 1085 et
800 1045 842 1084 in
864 1059 946 1094 eos,
970 1045 1038 1099 qui
1060 1046 1210 1086 remoti
1232 1047 1283 1086 de
1310 1061 1358 1086 ea
1384 1047 1437 1086 ab
1460 1046 1549 1086 aliis
1577 1046 1701 1087 audix
1703 1052 1837 1088 eiant.

385 1157 479 1204 681,
501 1158 563 1196 16.
585 1156 672 1208 παρ’
692 1157 854 1208 ἡμέραν]
888 1157 1005 1197 .Ῑῑι3ΐο
1027 1158 1145 1198 unius
1165 1158 1247 1197 diei
1271 1159 1416 1198 itinere.
1451 1158 1683 1198 WEBER.

385 1213 480 1260 681,
511 1225 570 1265 17.
601 1214 921 1265 ὤσπερ-πόλις]
960 1214 1039 1254 Est
1069 1214 1303 1267 exemplum
1336 1214 1528 1268 imaginis
1561 1229 1631 1254 seu
1661 1215 1844 1256 breviter

328 1268 574 1308 enunciatae
606 1268 899 1317 similitudinis,
923 1284 1047 1323 quam
1074 1270 1221 1310 Graeci
1254 1272 1384 1310 εἰκόνα
1410 1276 1572 1311 vocant.
1638 1271 1844 1312 Minucia-

328 1339 404 1364 nus
427 1325 504 1364 vol.
531 1338 568 1378 9.
593 1340 631 1378 p.
658 1327 764 1377 604:
799 1326 820 1376 ἡ
849 1328 890 1365 δὲ
920 1328 1033 1366 εἰκὼν
1055 1327 1138 1366 ἔστι
1163 1328 1235 1376 μὲν
1255 1328 1278 1376 ἡ
1301 1327 1394 1376 αὐτὴ
1415 1327 1459 1382 τῇ
1483 1328 1705 1382 παραβολῇ,
1731 1329 1842 1379 ἐναρ-

327 1383 518 1433 γέστερον
540 1384 580 1421 δὲ
608 1386 714 1421 ποιεῖ
732 1382 799 1421 τὸν
820 1383 956 1433 λόγον,
981 1383 1082 1422 ὥστε
1109 1382 1161 1432 μὴ
1188 1384 1308 1432 μόνον
1331 1384 1498 1429 ἀκούειν,
1522 1384 1628 1423 ἀλλὰ
1658 1385 1719 1423 καὶ
1747 1385 1842 1435 ὁρᾶν

329 1440 466 1477 δοκεῖν.
511 1444 553 1477 et
577 1438 751 1492 Gregor.
771 1438 958 1478 Corinth.
976 1439 1053 1477 vol.
1074 1451 1110 1490 7.
1127 1453 1167 1492 p.
1188 1452 1200 1478 1
1220 1452 1306 1492 150.
1331 1440 1443 1479 εἰκὼν
1465 1441 1506 1478 δὲ
1528 1439 1718 1489 σωμάτων
1738 1441 1842 1490 ὁμοι-

329 1496 415 1542 ότης
437 1494 512 1533 ἀπὸ
534 1496 673 1539 τόπων,
693 1495 775 1533 οἷον
793 1496 834 1534 ἐν
851 1497 900 1547 τῷ
925 1494 1356 1546 κατὰἈριστοκράτ-ους
1379 1496 1514 1546 φησὶν,
1540 1503 1565 1515 “
1581 1496 1629 1537 ὡς
1649 1496 1671 1546 ἡ
1694 1497 1843 1538 Χαλκὶς

329 1550 379 1603 τῷ
407 1551 510 1604 τόπῳ
539 1553 604 1600 τῆς
627 1551 797 1599 Εὐβοίας
827 1551 901 1601 πρὸ
930 1553 994 1600 τῆς
1018 1553 1202 1592 Βοιωτίας
1231 1555 1362 1597 κεῖται,
1387 1553 1482 1591 οὕτω
1510 1552 1570 1591 καὶ
1592 1552 1844 1602 Χερρονήσου

329 1606 402 1656 πρὸ
425 1609 489 1655 τ’-ης
512 1606 705 1658 Θράκης
689 1624 710 1656 η
735 1610 961 1657 Καρδιανῶν
985 1611 1104 1646 κεῖται
1126 1608 1253 1648 πόλις.
1257 1606 1278 1619 ”
1323 1607 1385 1648 Cf.
1410 1607 1596 1648 Ciceion.
1620 1608 1670 1647 de
1688 1608 1842 1648 invent.

398 1675 464 1715 30.
497 1668 608 1702 auct.
641 1662 694 1702 ad
728 1662 913 1702 Helenn.
940 1677 978 1713 4,
1004 1676 1073 1726 49.
1107 1662 1302 1713 Quinctil.
1334 1675 1375 1717 5,
1406 1677 1464 1711 11,
1494 1676 1558 1715 24.
1603 1664 1658 1701 W
1668 1664 1841 1703 EBER.

330 1704 472 1758 Veiba
493 1723 606 1758 10010
626 1718 753 1758 v·e1tit
774 1718 1054 1772 .Ju1inus‚qui
1076 1733 1179 1758 emm
1204 1719 1405 1758 Chalcidos
1426 1720 1468 1758 ἱη
1490 1719 1651 1759 Euboea
1672 1721 1771 1760 situs
1792 1726 1845 1760 est

330 1789 460 1814 seusus
480 1776 694 1823 Boeole'am,
721 1775 820 1815 idem
842 1775 884 1814 in
908 1775 1135 1815 Chelsoneso
1160 1775 1390 1815 Cmffdzcmae
1416 1774 1526 1815 urbis
1555 1776 1653 1816 setus
1681 1782 1733 1816 est
1760 1790 1843 1816 ver-

328 1845 395 1870 sus
421 1831 649 1871 Thraciam.

390 1888 483 1931 68¹.
510 1891 574 1928 26.
596 1889 793 1928 Φιλίππου
815 1891 889 1940 γὰρ
913 1891 965 1930 εἰς
987 1890 1224 1939 Μαρώνειαν
1245 1889 1444 1940 ἐλθόντος]
1486 1888 1579 1928 HOC
1601 1888 1758 1928 factum
1780 1894 1844 1928 est

332 1944 494 1997 Olymp.
516 1946 605 1991 106,
627 1959 666 1994 4.
692 1948 792 1998 (353
816 1959 852 1984 a.
876 1945 985 1995 Ch.),
1009 1959 1090 1998 qno
1120 1950 1308 1998 tempore
1339 1944 1599 1991 PammeneS,
1626 1945 1710 1984 dux
1738 1945 1844 1984 The-

331 2001 547 2047 banorum,
580 2000 621 2039 in
655 2000 733 2039 illis
763 2000 1002 2052 regionibus
1030 2001 1277 2040 versabatur
1307 2001 1360 2040 ad
1392 2000 1680 2052 opitulandum
1712 2002 1844 2041 Arta-

331 2057 446 2102 bazo,
484 2061 632 2096 contra
672 2052 827 2110 regem*
849 2057 1072 2096 Persarum
1111 2056 1329 2111 pugnanti.
1395 2056 1449 2095 V.
1478 2056 1652 2096 Diodor.
1680 2059 1741 2105 16,
1773 2070 1844 2111 34.

333 2112 439 2151 Tum
480 2112 609 2152 etiam
646 2112 802 2152 Chares
839 2112 1161 2166 Hellespontum
1202 2112 1411 2166 ingressus
1452 2112 1619 2152 Sestum
1659 2117 1841 2166 ceperat.

334 2167 518 2207 Perfidia
548 2172 690 2207 autem
719 2167 954 2207 Charidemi
990 2169 1101 2208 haud
1135 2168 1258 2207 dubie
1289 2168 1331 2206 in
1363 2182 1411 2207 eo
1443 2168 1708 2216 cernebatur,
1733 2169 1845 2223 quod

334 2224 635 2264 Chersonesum
654 2224 982 2263 Atheniensibus
1000 2224 1067 2263 vix
1086 2224 1288 2263 traditam
1306 2224 1441 2263 denuo
1462 2223 1511 2262 iis
1533 2224 1691 2277 eripere
1709 2229 1846 2264 tenta-

332 2280 419 2320 bat.
482 2280 730 2332 Speraverat
753 2279 863 2319 enim
883 2280 972 2319 fore
1000 2285 1047 2319 111
1075 2280 1153 2319 hoc
1175 2294 1278 2332 opus
1304 2279 1380 2318 sibi
1403 2279 1676 2333 contingeret,
1700 2279 1846 2320 auxili-

333 2336 502 2376 antibus
520 2335 726 2389 Philippo,
748 2335 1056 2375 Maronitarum
1078 2341 1122 2375 et
1144 2335 1445 2375 Abderitarum
1467 2350 1593 2389 agros
1614 2336 1844 2384 obsidente,

332 2397 373 2431 et
397 2392 635 2440 Pammene,
654 2392 802 2445 quibus
823 2392 948 2431 fidem
969 2391 1195 2431 obtulerat.
1257 2391 1401 2454 Atque
1422 2391 1643 2430 verisimile
1664 2396 1728 2432 est
1748 2392 1846 2432 Car-

334 2448 698 2493 dianos,auct01e
729 2447 978 2502 Apollonide
1008 2447 1106 2495 0110,
1139 2462 1233 2487 eum
1263 2446 1497 2500 instigasse,
1530 2452 1765 2487 metuentes
1794 2461 1847 2487 ne

334 2504 413 2557 ipsi
446 2505 487 2542 in
517 2508 774 2557 potestatem
802 2503 1124 2543 Atheniensium
1146 2503 1544 2556 xenirent,qnoru1n
1573 2502 1848 2556 cupiditatem

334 2560 518 2613 ipsorum
540 2560 655 2599 urbis
681 2559 952 2613 possidendae
984 2559 1207 2598 novissent.
1269 2558 1539 2611 Apollonides
1560 2558 1669 2598 idem
1691 2563 1755 2599 est
1777 2558 1847 2611 qui

335 2622 481 2669 postea
520 2630 545 2655 a
579 2615 774 2669 Philippo
809 2629 955 2669 agrum
996 2615 1037 2654 in
1074 2615 1183 2655 Chei
1185 2628 1331 2654 soneso
1372 2614 1572 2654 utendum
1612 2619 1843 2668 acceperat.

337 2672 390 2711 V.
414 2672 646 2711 Halonnes.
669 2686 709 2725 p.
734 2672 799 2711 86.
875 2671 1032 2711 Chares
1054 2675 1208 2715 autem,
1232 2670 1300 2723 qui
1323 2684 1430 2723 quae
1451 2670 1610 2709 fiebant
1631 2684 1713 2709 non
1733 2670 1847 2710 lento

334 2728 472 2768 animo
498 2728 728 2781 spectabat,
752 2726 977 2767 revertenti
1002 2726 1196 2779 Philippo
1227 2725 1397 2765 insidias
1424 2726 1526 2765 feeit
1553 2730 1596 2765 et
1618 2725 1848 2765 Athenien-

337 2798 401 2823 ses
423 2783 570 2823 deinde
593 2783 723 2823 literis
744 2797 832 2822 rem
853 2782 1031 2822 edocuit.
1070 2781 1303 2820 WEBER.

396 2842 490 2885 682.
521 2853 557 2890 9.
591 2839 667 2878 οὐδ’
691 2841 744 2878 ὧν
773 2841 889 2889 μικρὰ
920 2838 1207 2877 ἀναλίσκων-
1222 2837 1459 2888 γράφεσθαι]
1506 2837 1644 2890 λ”σφιε
1670 2850 1751 2890 pro
1783 2835 1846 2884 iis,

336 2910 433 2949 (lusce
458 2902 496 2933 ut
517 2895 731 2946 lmnorejfiea
752 2894 827 2934 sibi
854 2894 911 2933 αιῖ
943 2908 1001 2933 ros
1030 2893 1268 2940 scribantur,
1294 2891 1478 2931 laudibus
1498 2893 1611 2945 apud
1629 2906 1692 2932 vos
1712 2905 1847 2932 ornen-
