1997 3256
334 147 420 186 850
681 145 1009 187 ADVERSUS
1042 145 1504 187 ANDROTIONEM.

393 251 530 314 Supra
572 265 877 292 00111111011101111
880 266 987 292 lmus
1023 252 1333 293 Androtionem
1369 251 1604 292 Diodorum
1642 249 1855 304 parricidii

333 321 381 347 111
382 306 521 361 guisse
549 312 592 347 et
618 313 767 348 contla
792 307 1179 357 Euctemonen1‚ut
1208 308 1278 362 qui
1306 322 1400 347 cum
1427 307 1496 347 illo
1523 306 1732 361 parricida
1759 321 1855 347 con-

334 363 597 404 suetudinem
623 364 849 412 habuisset
873 365 1031 416 γραφην
1059 366 1248 414 ἀσεβείας
1275 363 1583 417 conscripsisse,
1605 363 1678 404 sed
1707 363 1856 417 quinta

333 419 625 474 <uffiw101um
646 425 768 474 palte
795 435 878 460 nou
905 425 1080 474 accepta
1104 420 1214 460 mille
1240 420 1450 460 chaehmis
1478 434 1567 460 esse
1593 420 1854 460 damnatum.

334 475 401 515 Ex
421 476 510 531 lege
532 482 675 517 autem
696 477 867 518 infamia
887 477 1107 517 accederet
1128 491 1233 540 opus
1252 476 1379 516 fuit-³⁶.
1437 475 1520 516 Sed
1539 476 1661 530 plane
1682 475 1784 515 nihil
1807 490 1858 517 ea

333 532 384 572 de
423 547 469 572 10
510 533 817 573 Demosthenes
868 533 982 574 dicit.
1050 533 1161 573 Vide
1200 533 1343 588 igitur,
1385 533 1592 596 quomodo
1631 531 1858 572 scholiasta,

334 588 489 629 codicis
519 589 761 644 Augustani
793 589 940 630 statim
969 590 1025 630 ad
1050 568 1241 630 initiumo
1250 589 1372 643 hujus
1408 589 1611 629 orat-ionis
1646 603 1739 629 eam
1769 603 1858 628 rem

334 645 530 699 expedire
553 646 734 686 studeat.
778 646 889 686 Nam
909 646 988 686 hoc
1010 646 1134 687 dicit:
1166 646 1354 696 Ἐζητήθη
1376 647 1430 692 δὲ,
1450 648 1512 686 διὰ
1527 646 1566 684 τί
1585 647 1604 684 ὁ
1619 644 1858 696 Ἀνδροτίων

331 702 382 752 μὴ
415 704 654 752 μεταλαβὼν
693 703 737 742 τὸ
770 702 947 752 πέμπτον
978 702 1094 754 μέρος
1131 706 1207 742 τῶν
1242 703 1392 754 ψήφων
1427 702 1495 742 οὐκ
1529 702 1712 751 ἠτιμώθη,
1751 702 1859 741 ἀλλὰ

330 758 510 810 χρήματα
533 759 733 805 ἔδωκε-;
767 759 954 811 λέγομεν,
978 760 1037 799 ὅτι
1058 761 1078 798 6
1102 761 1144 799 ἐν
1165 760 1268 810 τρισὶ
1290 759 1548 808 δικαστηρίοις
1574 758 1793 808 ἡττώμενος
1814 759 1858 797 ἐν

332 816 532 866 διαφόροις
568 815 794 867 πράγμασιν
829 816 939 857 οὗτος
979 816 1029 857 ὡς
1069 817 1318 867 συκοφάντης
1357 815 1551 864 ἠτιμοῦτο,
1590 815 1610 853 6
1644 815 1685 853 δὲ
1723 814 1766 853 ἐν
1800 814 1859 853 ἑνὶ

332 872 464 922 ὥσπερ
494 871 731 922 Ἀνδροτίων
768 872 892 911 εδίδου
928 873 1072 924 χιλίας,
1107 873 1157 914 ὥς
1190 878 1313 923 φησιν
1347 874 1367 911 ὁ
1404 870 1625 912 Γενέθλιος.
1687 869 1858 909 Vanum

332 932 616 968 commentum
636 928 715 968 hoc
737 942 823 968 esse
845 934 1188 981 11111)11101.ς111111·0
1209 927 1364 967 lectius
1386 926 1621 967 Boeckhius
1644 930 1686 966 et
1705 925 1858 966 Schoe-

331 997 509 1024 mannus
549 998 641 1024 eam
680 998 860 1038 poenam
892 984 1094 1038 tempmis
1126 984 1165 1025 11
1201 985 1470 1026 obscmatam
1510 987 1585 1024 aut
1625 987 1738 1023 certe
1773 996 1858 1022 non

332 1044 501 1080 stienue
523 1045 718 1080 exactam
739 1054 829 1080 esse
851 1046 1034 1080 censent.

391 1096 663 1136 Pervenimus
686 1097 775 1150 jam
796 1097 850 1136 ad
871 1097 999 1137 verba
1020 1097 1178 1148 φράζειν
1199 1097 1295 1148 πρὸς
1323 1097 1392 1137 τὸν
1413 1095 1600 1147 βασιλέα,
1625 1110 1731 1149 quae
1757 1110 1858 1149 quo-

331 1153 456 1192 modo
484 1153 731 1206 explicanda
763 1152 858 1201 siut,
887 1153 1114 1193 admodum
1146 1153 1318 1193 dubium
1349 1158 1426 1193 est.
1491 1152 1698 1206 Ulpianus
1726 1152 1781 1192 ad
1809 1166 1859 1192 ea,

333 1208 433 1249 dicit
451 1225 458 1248 :
493 1211 557 1249 ἵνα
579 1211 598 1249 ὁ
620 1210 813 1260 βασιλεὺς
833 1210 904 1259 τὴν
926 1209 1050 1261 φάσιν
1071 1211 1212 1259 λαβὼν
1234 1209 1375 1263 (φάσις
1397 1212 1437 1249 δὲ
1459 1210 1690 1260 κατηγορίας
1712 1209 1856 1261 ὄνομα)

332 1269 412 1308 τοῖς
453 1266 708 1316 θεσμοθέταις
748 1268 925 1317 φανερὰν
968 1265 1192 1315 καταστήσῃ
1236 1267 1297 1306 καὶ
1337 1267 1442 1316 παρὰ
1483 1269 1562 1307 τοῖς
1603 1264 1859 1313 θεσμοθέταις

331 1325 530 1377 γνωρισθῇ
557 1326 637 1364 τοῖς
660 1321 856 1371 δικάζουσι
883 1324 931 1362 τέι
954 1322 1191 1373 ἐγκλήματα.
1252 1322 1315 1362 At
1344 1321 1442 1375 quid
1474 1320 1787 1361 Thesmothctis
1815 1320 1858 1360 in

332 1377 396 1417 his
428 1377 585 1418 caussis
615 1378 798 1418 muneris
820 1379 912 1418 est?
945 1378 1056 1418 Num
1084 1378 1280 1418 credibile
1307 1383 1386 1424 est,
1412 1377 1677 1418 Archontem
1698 1377 1858 1431 Regem

332 1449 417 1473 non
447 1435 580 1474 solum
617 1449 666 1475 ea
702 1435 753 1474 de
788 1448 833 1474 re
859 1435 1083 1488 judicasse.
1116 1435 1186 1474 sed
1218 1449 1307 1475 rem
1342 1435 1396 1474 ad
1434 1434 1761 1474 Thesmothetas
1793 1447 1859 1473 re-

333 1491 478 1530 tulisse
502 1492 512 1531 Ξ
568 1490 786 1531 Heffterus
829 1491 994 1543 (Athen.
1036 1491 1449 1545 Geriehtszoerffhsszmgr
1486 1505 1527 1544 p.
1565 1491 1677 1543 237.)
1726 1489 1858 1530 solam

334 1547 588 1587 delationem
623 1547 938 1602 intelligendam
977 1561 1067 1588 esse
1108 1553 1263 1597 censet7
1298 1547 1409 1601 quod
1445 1547 1546 1586 mihi
1583 1546 1751 1600 quidem
1785 1546 1858 1586 ad-

332 1604 503 1643 modum
543 1604 760 1658 probabile
800 1604 977 1644 videtur.
1061 1604 1246 1644 Meierus
1290 1604 1361 1657 (dc
1410 1603 1483 1644 lite
1533 1605 1630 1643 Att.
1666 1618 1707 1657 p.
1742 1603 1854 1655 281.)

333 1660 579 1700 actionem
600 1660 681 1700 illis
702 1660 838 1700 verbis
861 1660 1086 1715 significari
1108 1665 1245 1714 putat.

391 1716 582 1770 Denique
611 1717 652 1756 in
680 1717 758 1756 hac
787 1731 935 1757 caussa
965 1717 1184 1764 δικάζεσθαι
1211 1718 1306 1768 πρὸς
1328 1717 1579 1767 Εὐμολπίδας
1605 1715 1728 1755 110010
1755 1715 1858 1756 dicit

334 1777 490 1821 orator,
514 1773 625 1826 quod
648 1773 855 1827 quomodo
877 1773 931 1814 sit
959 1773 1275 1827 intelligendum
1297 1773 1419 1813 docet
1448 1772 1675 1813 scholiasta
1702 1771 1859 1813 codicis

334 1829 447 1883 Aug.
470 1829 524 1869 ad
546 1830 654 1868 hunc
676 1829 811 1869 locum
832 1846 840 1870 ι
874 1832 893 1869 6
923 1832 997 1881 γὰρ
1024 1831 1218 1880 βασιλεὺς
1244 1831 1471 1880 ἐπεμελεῖτο
1500 1833 1575 1869 τῶν
1602 1831 1714 1880 ἱερῶν
1734 1846 1858 1881 πραγ-

333 1885 464 1935 μάτων
496 1887 558 1926 καὶ
588 1887 708 1937 ἐπῆγε
739 1888 806 1928 τὰς
844 1889 908 1935 τῆς
941 1887 1130 1936 ἀσεβείας
1160 1889 1316 1938 γραφὰς
1346 1886 1442 1937 πρὸς
1472 1886 1560 1927 τοὺς
1591 1886 1855 1936 Εὐμολπίδας.

336 1941 650 1982 Schoemaunus
677 1946 819 1982 autem
845 1943 915 1994 (de
943 1942 1083 1982 comit.
1109 1946 1280 1996 p.301.)
1313 1957 1334 1982 e
1365 1942 1491 1996 Lysia-
1517 1942 1623 1994 (adv.
1647 1941 1857 1981 Andocid.

333 2012 374 2051 p.
394 2011 485 2048 104,
505 2011 543 2049 7.
581 1998 753 2038 Periclis
775 1998 946 2038 consilio
968 1998 1008 2038 id
1030 1999 1273 2039 institutum
1294 2013 1383 2039 esse
1405 1999 1681 2038 demonstrat.
1742 1997 1858 2039 Dicit

333 2054 414 2094 iste
445 2060 590 2095 orator
620 2055 748 2095 haec:
793 2055 993 2106 Περικλέα
1025 2055 1120 2095 ποτέ
1147 2061 1248 2107 φασι
1282 2055 1519 2106 παραινέσαι
1550 2057 1640 2105 ὑμῖν
1665 2054 1753 2105 περὶ
1780 2058 1858 2095 τῶν

335 2112 602 2160 ἀσεβούντων,
631 2111 682 2160 μὴ
704 2112 826 2160 μόνον
846 2114 1016 2163 χρῆσθαι
1044 2116 1122 2153 τοῖς
1149 2111 1435 2163 γεγραμμένοις
1457 2113 1586 2159 νόμοις
1606 2112 1694 2162 περὶ
1716 2111 1855 2158 αὐτῶν,

335 2168 444 2206 ἀλλὰ
477 2167 539 2206 καὶ
574 2171 655 2208 τοῖς
688 2166 891 2218 ἀγράφοις,
929 2167 1008 2206 καθ’
1047 2168 1110 2209 οὓς
1151 2170 1187 2207 οἱ
1229 2168 1472 2217 Εὐμολπίδαι
1514 2169 1754 2218 ἐξηγοῦνται,
1792 2168 1858 2210 οὓς

335 2223 460 2264 οὐδείς
492 2240 550 2262 πω
583 2224 708 2273 κύριος
744 2223 903 2274 ἐγένετο
939 2227 1120 2263 καθελεῖν
1153 2224 1241 2263 οὐδὲ
1275 2226 1493 2274 ἐτόλμησεν
1525 2225 1734 2271 ἀντειπεῖν,
1767 2224 1856 2264 οὐδὲ

336 2279 455 2318 αὐτὸν
487 2279 554 2318 τὸν
590 2279 708 2319 θέντα
749 2281 883 2319 ἴσασιν
919 2284 998 2319 etc.
1061 2280 1298 2319 Secundum
1333 2280 1443 2334 leges
1479 2279 1608 2334 igitur
1642 2279 1854 2333 antiquas,

337 2349 514 2388 quarum
534 2339 683 2375 auctor
703 2335 870 2389 ignotus
892 2341 954 2375 est
981 2350 1169 2389 quaeque
1190 2336 1356 2390 proprie
1377 2337 1431 2376 ad
1452 2336 1651 2390 mysteria
1671 2335 1857 2389 pertinu-

335 2391 416 2430 isse
432 2391 638 2439 videntur,
653 2406 736 2431 non
757 2391 947 2445 scriptas.
966 2393 1038 2432 sed
1059 2392 1241 2432 traditas
1264 2397 1304 2432 et
1327 2407 1404 2432 usu
1425 2392 1616 2433 firmatas
1636 2407 1661 2433 a
1684 2392 1858 2433 Periclis

336 2447 433 2487 inde
460 2452 650 2501 tempore
676 2462 803 2502 penes
829 2448 1102 2502 Eumolpidas
1127 2449 1205 2489 hoc
1230 2449 1446 2502 judicium,
1469 2449 1535 2489 cui
1563 2449 1738 2489 Archon
1763 2449 1857 2489 Rex

336 2504 561 2557 praesedit,
583 2504 709 2544 fuisse
730 2503 938 2545 videmus:
972 2520 1009 2545 v.
1035 2505 1184 2546 Meier.
1207 2506 1257 2545 de
1278 2505 1350 2546 lite
1371 2505 1468 2546 Att.
1489 2521 1530 2560 p.
1556 2519 1571 2545 1
1585 2519 1648 2558 17.
1673 2505 1854 2546 Lobeck.

335 2560 544 2615 Aglaoph.
567 2560 645 2600 vol.
672 2574 706 2601 1.
731 2575 772 2614 p.
800 2561 917 2615 193.‘5

379 2694 398 2711 ²¹²
416 2693 496 2722 Eam
519 2692 685 2722 infamiam
704 2694 835 2723 mediam
853 2693 928 2724 dicit
949 2693 1063 2724 Meier.
1134 2695 1206 2724 adv.
1230 2694 1400 2732 Aristogit.
1423 2704 1454 2733 p.
1472 2693 1546 2731 803,
1568 2702 1616 2731 ¹3.
1655 2693 1768 2724 Meier.
1786 2693 1807 2722 1.
1825 2703 1853 2724 c.

334 2736 373 2766 de
389 2736 478 2766 bonis
500 2736 608 2765 damn.
626 2746 656 2774 p.
675 2743 744 2772 134.
767 2746 863 2775 quam
881 2737 1063 2766 Andocides
1132 2747 1162 2776 p.
1180 2746 1250 2775 131.
1296 2737 1506 2767 Schoemann.
1523 2737 1561 2766 de
1577 2736 1631 2766 lite
1646 2736 1714 2766 Att.
1731 2747 1762 2776 p.
1780 2744 1853 2775 734.

336 2779 483 2808 describit
497 2788 543 2807 or.
560 2779 598 2808 de
613 2788 666 2808 1111
670 2784 742 2808 ster.
756 2788 789 2817 p.
802 2788 852 2813 10,
866 2788 913 2816 13.
932 2779 1064 2809 Rectius
1130 2780 1258 2809 —Eam
1288 2779 1453 2808 infamiam
1483 2779 1634 2808 adversus
1664 2779 1853 2808 damnatum

340 2821 480 2850 Boeckh.
499 2820 617 2850 Oecon.
636 2820 697 2850 101
720 2830 746 2850 1.
764 2831 795 2860 p.
811 2831 885 2862 409.
901 2822 977 2852 dicit
993 2832 1064 2851 eam
1132 2828 1269 2851 actorem
1289 2823 1444 2852 decretam
1466 2831 1531 2851 esse
1550 2827 1587 2850 ut
1607 2828 1726 2860 putem,
1749 2821 1780 2851 id
1803 2832 1856 2852 me

336 2873 401 2892 esse
423 2862 548 2900 ἀτιμίαν
570 2862 651 2892 κατὰ
674 2861 859 2902 πρόσταξιν,
882 2865 921 2894 (10
945 2874 1008 2903 qua
1031 2871 1248 2901 1.]1101101,
1273 2864 1347 2902 quia
1370 2870 1406 2894 ut
1429 2863 1585 2894 levissima
1607 2863 1753 2895 facillime
1775 2874 1853 2904 neg-

337 2905 514 2936 Andocides
541 2905 560 2936 l.
578 2905 597 2935 1.
624 2916 656 2945 p.
676 2915 724 2943 10,
744 2915 794 2944 23.
824 2906 990 2937 Demosth.
1017 2916 1061 2938 or.
1132 2906 1187 2945 ligi
1206 2907 1320 2945 potuit.
