1997 3256
323 163 435 204 1018
621 160 944 202 ADVERSUS
973 161 1470 203 ARISTOGITONEM
1505 161 1539 202 I.

322 282 428 322 quae
463 267 646 322 scriptae
679 270 777 307 sunt
813 266 1141 307 declamationes
1173 266 1261 306 sine
1294 266 1432 316 dubio,
1464 281 1546 331 quo
1578 266 1748 321 propius
1783 267 1838 308 ab

322 324 481 387 origine
514 339 589 364 sua
619 324 809 371 abeiQant
833 337 881 362 eo
903 323 957 363 ad
986 323 1122 362 forum
1144 327 1187 363 et
1207 322 1293 363 ad
1283 337 1418 376 lpsam
1438 323 1658 364 xeiitatem
1679 338 1839 364 accom-

321 379 532 421 modatius
554 380 925 433 componebantur.
949 379 1058 419 idem
1087 393 1229 419 earum
1261 379 1330 432 qui
1358 379 1581 419 sorensium
1603 380 1839 420 orationum

322 437 503 485 habitus,
527 436 637 476 idem
665 436 791 483 color,
815 436 961 476 eadem
992 435 1137 484 forma.
1168 435 1263 475 111110
1296 435 1442 475 eadem
1474 436 1529 476 ibi
1565 436 1607 475 in
1638 437 1838 485 historiis,

321 493 513 540 testibus,
548 491 808 533 documentis
843 491 1064 531 afferendis
1102 505 1341 545 quanquam
1373 491 1573 532 affectata
1609 492 1838 546 diligentia.

323 549 468 590 Talem
489 549 620 604 igitur
641 548 987 588 declamationem
1009 562 1097 587 esse
1114 552 1216 602 puto
1232 547 1633 602 Aristogitoniarum
1649 549 1839 602 primam.

322 605 467 659 Atque
502 605 606 646 satis
639 604 799 644 illustre
838 604 893 644 ad
933 605 1204 644 tractandum
1244 604 1321 644 sibi
1361 609 1655 658 aigumentum
1694 610 1841 646 auctor

321 662 472 717 elegit;
509 661 662 716 quippe
691 660 958 715 Aristogiton
993 675 1019 701 a¹
1052 660 1224 700 summis
1260 659 1513 710 oratoribus,
1543 661 1839 711 Demosthene,

322 719 531 772 L30u1gQ
571 716 787 772 Η11101·1(10
828 722 870 757 et
904 717 1132 764 Dinarcho,
1169 717 1370 757 acerrime
1409 693 1642 772 castigatus
1682 694 1841 772 largani

322 775 438 815 dedit
459 774 622 815 dicendi
643 780 771 827 atque
792 773 1101 813 commentandi
1123 773 1297 826 0011111111
1362 774 1432 813 Ad
1463 773 1539 813 1100
1572 773 1605 813 si
1636 773 1839 827 ponimus,

323 831 619 871 Demosthenis
640 831 720 871 adv
724 844 768 870 er
771 844 840 870 sus
862 829 1198 882 Alistogitonem
1224 829 1458 870 orationem
1480 836 1570 870 tum
1596 830 1684 884 jam
1715 830 1842 871 inter-

322 887 470 927 cidisse
492 892 567 927 aut
588 900 801 940 nunquam
823 886 1023 940 scriptam
1045 891 1172 939 atque
1194 886 1305 926 foras
1328 887 1471 926 datam
1504 900 1605 935 esse,
1629 891 1721 927 erat
1743 901 1842 927 sane

323 943 432 996 quod
466 943 574 983 hanc
603 942 876 996 supplendam
909 942 986 982 sibi
1018 942 1167 997 aliquis
1199 949 1393 983 sumeret.
1457 942 1559 983 Jam
1590 957 1686 983 vero
1717 958 1842 997 quam

323 999 430 1039 1111111
464 999 533 1054 (1111
574 999 699 1039 istam
740 997 909 1052 scripsit
942 998 1174 1039 orationem
1214 1004 1457 1052 persecutus
1498 999 1553 1039 sit
1585 999 1683 1040 licet
1716 1000 1841 1040 certis

322 1055 581 1110 argumentis
617 1055 939 1095 commonstrari
976 1060 1170 1108 nequeat,
1204 1060 1343 1096 tamen
1377 1056 1556 1110 quodam
1589 1055 1689 1096 illud
1716 1057 1841 1096 modo

323 1111 499 1152 dixinari
535 1111 781 1165 ostendique
821 1126 943 1165 posse
983 1111 1152 1151 minime
1186 1112 1489 1165 desperandum
1530 1116 1607 1152 est.
1670 1112 1842 1153 Etenim

323 1169 557 1222 sophistam
587 1169 712 1217 illum„
736 1173 785 1208 ut
815 1182 1035 1221 personam
1067 1167 1364 1208 Demosthenis
1396 1167 1473 1208 sibi
1506 1183 1631 1222 quam
1661 1169 1841 1210 maxime

322 1225 674 1273 accommodaret
699 1229 1024 1264 consentaneum
1047 1228 1109 1264 est
1132 1239 1180 1265 ea
1206 1224 1345 1264 omnia
1367 1239 1622 1278 congesslsse
1654 1240 1759 1279 quae
1791 1226 1841 1266 de

323 1280 617 1336 Aristogitone
637 1280 862 1321 memmiae
884 1286 926 1321 tr
928 1281 1169 1330 ader‚entur
1182 1280 1360 1335 legisse
1351 1281 1536 1335 1np1imis
1559 1282 1841 1322 defensionem

323 1337 452 1392 ipsius
489 1336 792 1392 Aristogitonis
832 1342 961 1391 atque
1002 1337 1212 1377 orationes
1254 1338 1446 1392 Lycurgi.
1483 1338 1721 1392 Hyperidis.
1765 1339 1841 1379 Di-

323 1394 479 1442 narchi,
503 1395 578 1435 has
601 1394 845 1448 compilasse
867 1399 941 1434 aut
964 1398 1076 1434 certe
1099 1409 1149 1434 ex
1171 1394 1228 1434 eis
1251 1394 1529 1447 desumpsisse
1551 1409 1657 1448 quae
1677 1396 1731 1435 ad
1753 1410 1841 1435 rem

324 1451 531 1504 quadrare
552 1451 804 1491 viderentur.
846 1450 910 1489 Ac
928 1450 1135 1504 prioribus
1157 1451 1322 1514 quidem
1336 1450 1472 1491 tribus
1493 1465 1618 1505 aegre
1639 1465 1838 1501 caremus,

324 1508 397 1547 sed
426 1507 689 1570 gratulamur
712 1505 833 1546 nobis
855 1506 1136 1547 Dinarcheam
1168 1507 1400 1548 orationem
1428 1507 1710 1562 superstitem.
1773 1509 1840 1548 Ex

324 1579 407 1617 qua
429 1563 638 1604 hominem
660 1563 787 1603 istum
808 1562 849 1602 in
872 1563 1105 1613 effinoenda
1127 1563 1454 1604 Demosthenica
1479 1564 1668 1604 oratione
1691 1579 1841 1619 pepen-

324 1620 433 1660 disse
455 1620 487 1660 si
510 1620 629 1660 nobis
651 1618 873 1673 contigerit
895 1624 942 1659 ut
965 1620 1180 1660 demonstr
1183 1635 1311 1670 emus,
1335 1620 1385 1659 de
1417 1620 1586 1674 reliquis
1611 1621 1699 1674 jam
1729 1622 1841 1662 nulla

323 1677 403 1717 elit
425 1676 645 1716 dubitatio.
708 1675 875 1716 Scilicet
895 1676 1132 1716 Dinarchus
1163 1691 1268 1730 quae
1299 1677 1341 1716 in
1367 1691 1442 1717 sua
1463 1692 1510 1717 01
1512 1677 1654 1717 atione
1675 1677 1841 1719 Aristo-

321 1732 455 1787 gitoni
487 1733 643 1773 scelera
672 1733 913 1786 exprobrat,
937 1747 1019 1772 uno
1051 1739 1227 1787 excepto
1258 1733 1397 1773 omnia
1423 1733 1552 1773 fusius
1577 1734 1767 1788 exposita
1798 1734 1840 1774 in

324 1789 651 1830 Demosthenica
684 1803 848 1843 quoque
875 1789 1153 1843 reperiuntur.
1219 1790 1266 1829 In
1298 1794 1463 1844 patrem
1493 1805 1612 1829 suum
1640 1795 1683 1830 et·
1703 1790 1840 1831 vivum

323 1851 366 1886 et
401 1851 613 1887 mortuum
645 1845 852 1900 quomodo
881 1846 1115 1899 peccaverit
1148 1852 1317 1887 enarrat
1341 1846 1542 1886 Dinarch.
1571 1861 1639 1901 pp.
1673 1847 1737 1887 80.
1772 1849 1837 1900 87.

323 1903 412 1942 coll.
446 1904 572 1943 Auct.
609 1903 729 1943 Dem.
763 1917 804 1956 p.
840 1903 922 1955 786
952 1917 1033 1956 sq.;
1069 1903 1111 1942 in
1145 1917 1312 1944 carcere
1344 1903 1551 1957 quomodo
1586 1917 1627 1943 se
1663 1904 1841 1958 gesserit

323 1959 422 1999 Din.
444 1975 484 2014 p.
509 1960 575 1999 81.
599 1959 688 1999 coll.
712 1960 833 1999 Auct.
858 1960 982 1999 Dem.
1016 1974 1054 2013 p.
1084 1960 1163 2012 788
1195 1974 1274 2013 sq.-
1264 1992 1274 2007 ,
1322 1959 1433 2013 quod
1470 1959 1680 2013 iepulsam
1711 1960 1840 2015 magi-

322 2020 482 2056 stratus
504 2016 678 2069 alicujus
699 2014 907 2069 acceperit
929 2016 1024 2056 Din.
1047 2031 1086 2070 p.
1115 2016 1178 2057 82.
1196 2016 1287 2056 coll.
1310 2017 1438 2056 Auct
1457 2016 1577 2057 Dem.
1594 2031 1663 2070 pp.
1686 2026 1779 2069 779.
1796 2022 1840 2057 et

325 2086 439 2124 790.;
475 2072 586 2126 quod
620 2071 806 2125 quannis
841 2072 1003 2112 aerario
1037 2073 1192 2112 debens
1226 2072 1401 2136 ideoque
1437 2072 1527 2127 ipso
1553 2073 1647 2127 jure
1675 2072 1840 2113 infamis

323 2132 464 2169 tamen
486 2128 637 2182 spretis
668 2128 827 2181 legibus
858 2128 1021 2181 publice
1042 2129 1205 2169 locutus
1228 2129 1283 2169 sit
1304 2129 1403 2169 Din.
1427 2144 1467 2183 p.
1491 2131 1570 2183 83.,
1594 2144 1699 2184 quae
1721 2130 1840 2170 uber-

322 2184 427 2224 rime
462 2184 645 2224 illustrat
677 2185 804 2224 Auct.
840 2185 962 2224 Dem.
997 2200 1035 2238 p.
1065 2186 1139 2238 781
1175 2199 1254 2238 sq.;
1290 2185 1400 2238 quod
1432 2200 1605 2226 munera-
1639 2186 1840 2226 solemnia

323 2240 483 2281 civitati
517 2255 729 2294 nunquam
766 2240 934 2280 solverit
966 2241 1062 2281 Din.
1096 2257 1135 2295 11.
1163 2243 1228 2292 87.
1263 2242 1353 2281 coll.
1377 2242 1506 2282 Auct.
1531 2243 1653 2281 Dem.
1676 2257 1715 2296 p.
1742 2254 1835 2296 793.

325 2296 466 2337 Unam
487 2296 529 2336 in
552 2296 878 2337 Demosthenica
900 2297 1090 2337 oratione
1121 2297 1477 2338 narratiunculam
1508 2298 1709 2345 desidero.
1734 2313 1839 2352 quae

322 2358 388 2393 est
410 2354 461 2393 (10
483 2354 700 2393 sacerdote
723 2353 888 2393 Dianae
910 2354 1023 2407 apud
1043 2353 1140 2394 Din.
1158 2369 1197 2408 p.
1216 2355 1296 2409 83..
1316 2354 1448 2408 ipsam
1470 2369 1634 2409 quoque
1655 2354 1836 2404 dubiam,

322 2409 357 2449 si
379 2409 569 2450 audimus
592 2409 816 2450 Libanium
839 2409 880 2448 in
902 2416 1150 2464 argumento
1165 2411 1187 2449 ῑ.
1242 2411 1324 2451 Sed
1344 2411 1428 2450 tale
1450 2411 1548 2464 quid
1569 2409 1839 2451 festinantem

321 2480 371 2506 ac
393 2465 521 2506 nimia
541 2480 680 2505 rerum
703 2465 823 2520 copia
844 2466 1105 2507 laborantem
1128 2467 1307 2521 effugere
1333 2467 1451 2507 facile
1482 2467 1633 2520 potuit.
1695 2467 1839 2521 Neque

322 2536 420 2562 vero
467 2522 545 2561 hoc
584 2523 708 2562 modo
751 2522 974 2576 quicquam
1021 2523 1123 2563 effici
1167 2529 1371 2578 putarem.
1414 2524 1493 2563 nisi
1534 2524 1750 2564 accederet
1790 2528 1839 2564 ut

320 2582 489 2632 praeter
520 2592 586 2618 res
622 2578 750 2618 etiam
777 2579 889 2632 ipsas
925 2579 1155 2619 sententias
1187 2595 1484 2633 nonnunquam
1517 2594 1567 2620 ex
1598 2580 1839 2621 Dinarchea

321 2634 510 2674 oratione
532 2639 680 2674 auctor
700 2640 843 2675 noster
863 2635 1167 2689 deprompsisse
1189 2636 1411 2676 videretur.
1457 2636 1663 2690 Compara
1684 2650 1837 2690 quaeso

322 2705 429 2743 quae
451 2690 552 2730 dicit
575 2690 775 2731 Dinarch.
800 2706 838 2744 p.
863 2692 929 2743 78.
965 2693 1009 2731 οὐ
1030 2695 1104 2743 γὰρ
1127 2693 1170 2742 δὴ
1190 2695 1243 2743 μὰ
1270 2693 1336 2732 τὸν
1357 2692 1562 2744 “Ηρακλέα
1584 2711 1615 2732 κ.
1630 2710 1662 2732 τ.
1680 2698 1717 2733 λ.
1744 2707 1837 2732 011111

323 2747 442 2786 Delu.
467 2762 506 2800 p.
534 2748 641 2799 798„
666 2762 772 2800 quae
795 2747 995 2787 Dinarch.
1018 2763 1058 2802 1).
1083 2759 1148 2801 79.
1196 2751 1229 2788 εἰ
1249 2751 1322 2799 μὲν
1343 2750 1412 2789 οὖν
1434 2749 1720 2800 ἐγγενήσεσθαι
1740 2750 1836 2799 βού-

321 2806 443 2842 λεσθε
465 2804 695 2843 δευσοποιὸν
716 2805 758 2843 ἐν
779 2806 823 2858 τῇ
846 2805 961 2844 πόλει
982 2807 1171 2855 πονηρίαι)
1193 2822 1225 2845 κ.
1244 2822 1275 2844 τ.
1294 2810 1332 2844 λ.
1356 2820 1447 2844 cum
1470 2805 1589 2844 Dem.
1612 2820 1651 2858 p.
1675 2815 1768 2858 772.
1794 2809 1837 2845 et

324 2868 416 2910 771.
441 2858 511 2898 ubi
538 2858 665 2899 dictio
695 2874 860 2913 quoque
891 2861 944 2900 ad
973 2861 1191 2901 audaciam
1214 2861 1492 2901 Dinarcheam
1513 2861 1708 2916 assurgit,
1731 2875 1837 2916 quae

605 2978 611 3000 i
639 2979 674 3008 P.
693 2979 762 3018 767.
794 2981 832 3010 cs.
851 2980 1093 3012 Senommxx.
1112 2982 1179 3012 Att.
1202 2982 1290 3012 Proc.
1310 2994 1340 3020 4.
1356 2991 1404 3012 12.
1423 2992 1449 3020 p.
1473 2991 1542 3022 757.
