1997 3256
485 139 810 181 ADVERSUS
844 140 1332 181 ARISTOGRATEM.
1583 143 1668 184 927

211 247 306 299 655,
331 257 394 298 23.
429 245 478 284 ἂν
510 247 579 285 οὖν
613 248 774 286 εἴπωσιν
809 249 899 296 ἡμῖν
935 250 992 288 ὅτι
1027 255 1049 270 “
1071 251 1179 298 ὑμεῖς
1215 247 1243 287 ὦ
1280 250 1415 299 ἄνδρες
1442 246 1664 300 Ἀθηναῖοι]

156 301 394 355 Loquentes
414 301 492 340 hoc
512 301 603 341 loco
625 302 783 342 inducit
806 303 999 344 Thraces,
1048 304 1183 355 Quam
1204 304 1381 356 figurali]
1405 304 1667 353 ἑτεροπρόσω-

153 374 229 396 πον
253 356 438 410 appellat
468 357 782 398 phoebammon
808 359 883 399 vol.
910 362 946 400 8.
973 375 1012 413 p.
1036 374 1130 412 504.
1164 360 1221 399 sic
1253 359 1465 406 definiens,
1488 358 1667 408 ὑποβολὴ

153 414 362 464 προσώπου
390 415 456 452 τοῦ
482 414 683 464 λέγοντος,
714 415 738 454 ’ὰ
765 416 1047 464 σπουδάζοντες
1077 418 1200 455 εἰπεῖν
1229 417 1417 463 ὀκνοῦμεν
1449 413 1493 454 δι’
1523 416 1668 453 ἑαυτῶν

155 470 362 517 ἐπιπλῆξαι
384 469 444 508 καὶ
467 470 551 510 τοὺς
571 470 713 520 λόγους
735 472 782 512 ὡς
805 472 879 510 ἀπὸ
905 472 1035 522 ἑτέρου
1065 473 1273 522 προσώπου
1301 470 1485 520 λέγομεν.
1548 469 1668 509 Tibe-

155 524 239 563 rius
278 524 375 563 ibid.
418 539 457 578 p.
499 537 594 578 540.
638 528 846 576 προσώπου
886 527 1104 576 ὑποβολήν,
1148 542 1186 579 1).
1223 539 1320 580 537.
1362 525 1580 575 ἠθοποιΐαν,
1621 530 1668 565 ut

154 580 395 620 Alexander
416 595 454 633 p.
476 595 572 635 449.
619 581 778 635 Attigit
800 582 926 622 etiam
956 588 1104 622 auctor
1124 583 1232 622 rhet.
1253 582 1307 622 ad
1332 581 1516 621 Hercnn.
1541 582 1577 627 6,
1600 592 1669 634 52.

155 638 259 675 Sunt
282 637 365 675 item
388 637 728 677 sermocinationes
754 645 1016 692 consequentes
1042 639 1110 677 hoc
1125 653 1271 691 smnus:
1305 639 1417 677 Nam
1439 637 1669 690 qzce'clpnta-

154 706 240 732 mus
270 692 356 732 ¹illos
383 692 566 741 dicturos,
589 693 624 733 εἰ
650 693 1050 746 hocjecclc'cacerz'te's?
1084 695 1226 733 Nonne
1256 693 1329 732 hac
1359 707 1483 732 omnes
1513 699 1670 731 utentur

155 749 362 788 oratione?
409 749 566 789 Deinde
603 748 788 801 subjicere
827 764 1047 789 sermonem.
1127 748 1400 789 Memorabile
1437 748 1669 801 exemplum

157 809 221 844 est
254 805 294 843 in
327 809 434 844 orat.
469 805 519 844 de
551 805 749 845 Cherson.
782 820 821 858 p.
846 807 896 859 98
927 811 969 845 et
997 820 1076 859 99..
1099 805 1168 843 ubi
1203 805 1507 844 Demosthenes
1538 804 1668 844 Athe—

156 860 367 900 niensibus
389 861 621 900 socordiam
643 862 871 914 exprobrat
894 862 970 901 sub
992 875 1171 914 persona
1193 861 1462 900 Graecorum.
1516 860 1613 900 Alia
1635 875 1670 900 v.

157 917 199 955 in
235 916 399 971 Leptin.
438 931 476 970 p.
498 918 595 968 468.
632 917 735 956 Mid.
770 932 808 970 p.
830 930 929 971 530.
967 918 1017 956 de
1056 917 1103 957 F.
1137 917 1264 971 legat.
1298 932 1338 970 p.
1366 928 1462 970 347‚
1485 919 1583 966 406.
1621 917 1672 956 de

158 987 298 1013 coron.
321 988 361 1026 p.
388 985 480 1027 239.
517 973 748 1012 WEBER.

216 1031 310 1081 656,
340 1043 372 1068 1.
396 1029 457 1080 ἐφ’
488 1030 725 1071 οῖς-κακῶς
748 1030 1061 1083 ἐβουλεύσασθε]
1101 1029 1134 1068 Ι.
1158 1044 1192 1068 e.
1224 1029 1278 1068 ad
1309 1043 1357 1068 ea
1391 1029 1431 1068 in
1463 1028 1672 1082 integrum

158 1085 418 1125 restituenda
440 1100 546 1138 quae
567 1090 610 1124 ct
636 1084 676 1123 in
705 1100 776 1125 vos
804 1090 847 1126 et
876 1085 916 1124 in
945 1100 1020 1124 nos
1048 1085 1155 1126 male
1176 1085 1436 1125 consulentes
1457 1085 1670 1131 amisistis,

159 1146 207 1181 ut
228 1141 533 1194 interpretatur
556 1141 752 1181 wolfius.

217 1199 312 1250 656,
350 1199 386 1236 6.
431 1199 464 1237 εἰ
503 1200 577 1248 γὰρ
617 1200 736 1247 μηδὲν
779 1200 904 1249 εἴχετε
945 1202 1021 1237 τῶν
1061 1199 1196 1237 ἄλλων
1235 1197 1493 1249 λογίσασθαι]
1542 1197 1674 1237 Recte

162 1253 409 1293 Schaet‘erus
431 1268 525 1292 cum
548 1253 666 1293 Hier.
692 1253 849 1292 Wolfio
877 1257 952 1292 τῶν
974 1255 1109 1293 ἄλλων
1131 1268 1206 1306 pro
1231 1258 1380 1292 neutro
1402 1253 1530 1293 habet
1551 1252 1674 1306 idque

159 1315 203 1350 et
238 1309 474 1363 proximum
505 1314 626 1349 ταῦτα
658 1309 768 1349 inter
799 1324 841 1349 se
875 1309 1028 1363 opponi
1060 1309 1173 1355 dicit,
1204 1310 1423 1348 verborum
1454 1309 1535 1348 vim
1569 1310 1674 1348 bene

160 1366 218 1405 sic
252 1366 452 1405 reddens:
490 1366 525 1405 si
560 1366 661 1405 enim
700 1366 741 1404 [a
773 1367 906 1405 ceteris
941 1365 1052 1405 rebus
1084 1364 1259 1404 omnibus
1291 1365 1548 1413 ι’(ῑοσῑινὶνίτῖῖε,
1580 1379 1674 1418 quos

160 1429 288 1462 tamen
311 1429 352 1461 ῑιτ
373 1422 626 1461 Athenienses
646 1428 784 1462 constet
803 1422 900 1461 satis
921 1428 1030 1461 aeccle
1051 1436 1217 1461 cernere.
1254 1421 1311 1458 W
1318 1420 1491 1459 EBER.

219 1480 316 1531 656,
355 1479 392 1517 8.
442 1477 674 1519 Ὀλυνθίους
715 1477 914 1531 τουτουσὶ]
959 1479 1202 1528 ἀναφορικῶς
1242 1476 1555 1530 intelligendum
1596 1481 1673 1522 cst,

161 1535 231 1588 qui
256 1533 356 1574 vobis
378 1534 458 1573 110ίί
478 1540 579 1582 sunt,
602 1533 830 1587 quibuscum
853 1548 956 1573 ηιιιιο
976 1533 1219 1573 reconciliati
1239 1533 1338 1572 estis.
1384 1532 1480 1571 Vid.
1504 1532 1674 1586 Olynth.

164 1591 197 1629 I.
219 1605 258 1644 p.
288 1604 348 1630 10.
385 1590 466 1630 III.
495 1605 535 1643 p.
559 1603 626 1643 30.
688 1590 752 1629 De
787 1590 867 1629 hoc
903 1589 1156 1644 anaphorico
1192 1588 1448 1642 pronominis
1485 1603 1561 1628 usu
1595 1588 1676 1628 vid.

164 1646 360 1700 Apollon.
398 1646 448 1686 de
482 1660 665 1699 pronom.
704 1661 744 1699 p.
768 1656 848 1699 75:
910 1647 1207 1696 Δεικτικώτεραι
1241 1647 1443 1696 γινόμεναι
1476 1650 1677 1695 προσλαμ-

162 1703 332 1752 βάνουσι
363 1702 406 1741 τὸ
433 1720 469 1748 ις
505 1703 650 1748 οὑτοσὶ,
681 1703 751 1747 ὁδὶ,
787 1703 967 1742 ἐκεινοσί·
1001 1703 1173 1743 σπανίως
1200 1703 1275 1752 γὰρ
1301 1700 1357 1740 ἐπ’
1385 1701 1598 1751 ἀναφορᾶς,
1629 1702 1679 1742 ὡς

163 1761 268 1810 παρὰ
290 1759 549 1809 Δημοσθένει,
574 1758 744 1809 Σάτυρος
766 1760 911 1797 οὑτοσί.
949 1757 1184 1797 WEBER.

221 1813 503 1868 οἲ-χρῶνται]
531 1815 609 1864 Qui
633 1829 706 1868 quo
727 1829 752 1853 α
774 1814 968 1867 Philippo
990 1827 1147 1853 mamere
1168 1813 1338 1853 decincti
1362 1826 1434 1866 qno
1456 1826 1542 1852 eum
1570 1812 1679 1852 modo

163 1877 350 1911 tractant.
385 1871 633 1911 SCHAEF.

223 1929 318 1979 656,
352 1942 390 1981 9.
420 1925 608 1980 χρῶνται]
645 1926 738 1965 Non
770 1930 883 1965 recte
918 1924 985 1965 alii
1026 1925 1119 1964 libri
1159 1925 1377 1977 κέχρηνται.
1441 1924 1681 1964 Narrantur

165 1983 288 2031 0111111,
314 1988 359 2022 ut
386 1987 528 2022 monet
557 1983 815 2030 Schaeferus,
845 1996 951 2035 quae
980 1981 1164 2035 Olynthii
1194 1981 1236 2020 in
1267 1980 1542 2020 Macedonem
1572 1995 1680 2019 nunc

166 2040 301 2093 ipsum
323 2039 557 2093 designant.

224 2098 321 2149 656,
359 2109 421 2135 10.
462 2093 962 2146 Ποτίδαιαν-ἀπέδωκεν]
1006 2094 1128 2133 Hanc
1169 2093 1313 2132 urbem
1352 2091 1681 2132 Atheniensibus

167 2156 356 2205 ereptam
393 2151 610 2204 Philippus
647 2150 867 2204 Olynthiis,
907 2164 1010 2203 quos
1050 2149 1128 2189 sibi
1170 2148 1396 2188 devinciret
1437 2153 1479 2188 et
1520 2148 1561 2187 in
1600 2148 1681 2188 fide

166 2208 380 2254 retineret,
415 2207 578 2261 Olymp.
611 2220 698 2259 105,
722 2222 761 2257 4.
797 2205 997 2251 restituit,
1031 2220 1156 2259 quam
1184 2205 1299 2258 prius
1327 2205 1611 2258 possederant,
1634 2209 1682 2244 ut

169 2264 409 2317 Xenophon
446 2263 611 2303 Hellen.
637 2277 676 2316 5,
709 2276 745 2311 2,
785 2274 842 2316 15.
880 2266 1039 2302 narrat.
1103 2261 1202 2300 Vid.
1242 2261 1412 2313 Olynth.
1449 2260 1504 2299 II.
1546 2275 1586 2313 p.
1620 2274 1681 2314 19.

168 2320 225 2358 W
234 2320 402 2360 EBER.

227 2378 321 2430 656,
353 2388 412 2416 12.
435 2375 706 2427 Χερρόνησον]
736 2373 909 2413 Ι)10(101’.
938 2376 997 2420 16,
1020 2386 1088 2426 34.
1124 2371 1428 2422 Κερσοβλέπτου
1449 2376 1514 2410 τοῦ
1538 2373 1683 2413 Κότυος

169 2432 230 2472 διά
264 2449 305 2472 τε
341 2432 410 2481 τὴν
444 2432 539 2482 πρὸς
578 2432 777 2470 Φίλιππον
813 2431 1097 2479 ἀλλοτριότητα
1133 2430 1194 2467 καὶ
1226 2428 1296 2477 τὴν
1329 2428 1424 2478 πρὸς
1456 2427 1682 2477 Ἀθηναίους

170 2489 310 2538 φιλίαν
341 2489 634 2540 ἐγχειρίσαντος
662 2490 739 2527 τοῖς
757 2485 979 2535 Ἀθηναίοις
1006 2487 1072 2526 τὰς
1100 2486 1141 2523 ἐν
1162 2483 1397 2536 Χερρονήσῳ
1418 2484 1551 2524 πόλεις
1579 2483 1684 2532 πλὴν

174 2546 341 2595 Καρδίας
362 2544 597 2583 ἀπέστειλεν
618 2544 638 2581 ὁ
660 2544 775 2591 δῆμος
798 2543 1033 2593 κληρούχους
1055 2542 1107 2581 εἰς
1128 2542 1195 2581 τὰς
1214 2541 1360 2580 πόλεις.
1394 2540 1450 2577 W
1460 2539 1631 2579 EBER.

229 2603 251 2638 6
256 2602 323 2654 56,
356 2613 413 2652 15.
437 2598 711 2650 ἐπεχείρησεν]
742 2597 856 2637 Dicit
877 2602 1021 2636 orator
1045 2596 1319 2635 Macedonem
1341 2595 1552 2648 oppidum,
1573 2595 1684 2647 quod

172 2656 250 2696 sibi
287 2661 409 2696 tanto
445 2654 714 2697 constitisset,
753 2652 961 2706 Olynthiis
1001 2652 1138 2691 animo
1178 2651 1450 2690 libentissimo
1491 2651 1681 2691 donasse.

174 2713 264 2764 Quo
299 2711 522 2765 jucundius
564 2710 640 2749 illis
673 2709 757 2749 tale
789 2723 937 2748 munus
970 2722 1059 2747 esse
1089 2707 1247 2747 debuit.
1289 2706 1378 2746 ἀλλ’
1413 2708 1513 2756 ὅμως
1545 2708 1685 2747 ἐκεῖνοι

174 2787 205 2809 κ.
229 2785 261 2808 τ.
284 2774 322 2807 λ.
358 2767 618 2807 SCHAEF.

231 2824 332 2864 ἀλλ’
353 2825 468 2873 ὅμως
497 2824 668 2862 ἐκεῖνοι
692 2840 722 2860 κ.
746 2837 780 2859 τ.
805 2819 865 2873 λ.]
897 2819 1032 2873 Igitur
1064 2818 1303 2872 Philippum
1336 2817 1436 2857 dicit
1468 2817 1686 2871 insigniter

175 2881 215 2919 in
247 2879 442 2920 donanda
474 2879 678 2918 Potidaea
713 2876 932 2916 eminuisse
973 2890 1073 2929 prae
1110 2874 1390 2928 Cersoblepte‚
1425 2873 1493 2926 qui
1531 2873 1685 2914 invitus

175 2936 476 2977 Chersonesum
500 2933 826 2974 Atheniensibus
849 2931 1105 2972 tradidisset.
1140 2930 1370 2970 WEBER.
