1997 3256
272 183 354 224 750
854 181 916 221 IN
950 181 1200 222 MIDIAM.

271 291 437 339 ἀσεβεῖν
451 288 652 340 φήσομεν;
687 288 859 342 propius
880 294 1022 329 tamen
1045 289 1382 329 examinantibus
1403 294 1445 330 et
1465 288 1568 330 haec
1588 289 1648 330 ita
1669 289 1783 329 dicta

271 359 360 384 esse
385 344 618 398 apparebit,
641 349 689 384 ut-
710 345 778 384 vix
800 345 996 385 credibile
1024 345 1079 384 sit
1111 345 1322 385 cardinem
1353 345 1633 386 accusationis
1663 345 1705 384 in
1736 359 1785 385 ea

270 415 314 440 re
342 400 527 454 positum
553 415 653 449 esse,
678 415 803 454 quain
831 406 976 441 orator
1004 406 1206 454 tanquam
1233 401 1443 440 cumulum
1470 406 1637 442 tantum
1662 415 1784 454 exag-

268 456 465 510 gerandis
496 457 647 496 ceteris
679 456 1041 497 criminationibus
1072 456 1247 509 adjiciat
1262 465 1290 501 C,
1314 471 1388 496 nec
1411 472 1517 510 quae
1538 463 1612 497 aut-
1634 458 1685 496 de
1713 471 1784 510 po—

269 513 354 566 puli
377 513 544 552 decreto
567 518 795 553 narrantur
817 518 889 553 aut
912 527 987 566 per
1006 512 1217 566 prolepsin
1235 513 1296 552 vel
1318 513 1606 566 hypophoram
1626 513 1785 552 Midiae

270 569 511 622 deprecanti
545 569 799 615 tribuuntur,
834 568 1011 608 nominis
1044 569 1183 621 potius
1214 583 1338 622 quani
1370 568 1587 622 qualitatis
1619 574 1784 608 contro-

269 625 447 665 versiam
483 625 692 678 produnt;
728 625 905 678 denique
936 638 987 664 ne
1021 625 1054 663 si
1088 624 1277 664 evicisset
1306 624 1473 677 quidem
1506 624 1673 672 Midias,
1703 639 1784 678 quo

270 680 326 720 illi
355 695 449 721 eum
480 695 555 735 per
578 680 864 721 definitionem
885 681 1057 721 tendere
1078 681 1236 729 volunt,
1257 694 1340 720 non
1363 681 1555 730 ἀσέβειαν
1576 680 1648 720 sed
1669 682 1785 731 ὕβριν

268 736 428 777 facinus
459 751 578 776 suum
607 736 902 791 appellandum
931 751 1032 784 esse,
1056 737 1096 776 in
1125 738 1244 788 ἀγῶνι
1265 739 1420 790 τιμητῷ,
1445 736 1607 790 qualem
1635 738 1786 787 ὕβρεως

268 794 427 846 γραφὴν
457 807 589 846 aeque
619 807 668 833 ac
701 795 889 841 ἀσεβείας
924 792 1050 832 fuisse
1086 797 1247 832 certum
1279 798 1341 832 est
1356 792 1387 841 d,
1417 792 1553 831 minus
1589 791 1682 831 ideo
1717 806 1785 831 ex-

268 854 427 889 tremae
458 863 617 903 poenae
648 849 861 890 severitati
893 849 1098 889 obnoxius
1129 854 1247 895 e1·at;
1282 863 1355 888 cur
1380 847 1511 902 igitur
1538 847 1784 887 Demosthe-

269 919 362 944 nem
395 919 471 958 pro
501 920 654 959 genere
685 911 727 946 et
755 905 963 960 gravitate
991 905 1174 945 criminis
1203 905 1372 945 titulum
1400 908 1633 944 sectantem
1658 903 1784 943 facia-

267 963 385 1001 mus?
446 961 652 1014 Populum
684 967 797 1002 certe
828 961 950 1001 claris
972 961 1106 1001 verbis
1131 963 1248 1011 ὕβριν
1269 961 1311 1000 τὸ
1342 963 1502 1011 πρᾶγμα
1528 960 1627 1000 εῖιαι
1657 976 1785 1012 χειρο-

268 1020 431 1066 τοιῆσαι
452 1017 513 1057 ait
534 1032 574 1070 p.
591 1018 702 1070 583..
722 1032 855 1072 neque
876 1017 910 1056 si
927 1017 1111 1071 ejusdem
1135 1019 1501 1069 καταχειροτοιίας
1489 1022 1785 1069 argumentum

268 1087 307 1125 p.
330 1074 427 1126 578.
450 1073 604 1113 dicitur
632 1075 798 1136 ἀσεβεῖν
818 1075 904 1124 περὶ
926 1074 996 1123 τὴν
1019 1073 1340 1123 ἑορτην,11ο1’11111
1369 1072 1409 1111 id
1434 1071 1589 1112 climen
1612 1077 1687 1119 est,
1711 1072 1783 1111 sed

269 1129 456 1168 condicio
481 1134 660 1177 tantum,
683 1129 771 1169 sine
793 1144 875 1182 qua
899 1132 1100 1180 προβολῆς
1130 1130 1263 1168 forma
1284 1130 1334 1182 τῷ
1355 1127 1583 1178 ὑβρισθέντι
1608 1127 1670 1168 1111
1702 1142 1784 1167 11011

267 1183 408 1231 licuit-3
443 1185 536 1224 huic
565 1184 694 1239 igitur
721 1190 767 1224 ut
799 1190 976 1233 constet,
999 1184 1283 1224 adversarium
1315 1184 1373 1224 sic
1399 1189 1603 1237 provocat
1624 1199 1663 1237 p.
1686 1196 1783 1237 523.

269 1241 317 1282 ὡς
338 1242 382 1280 οὐ
403 1243 614 1290 πεποίηκεν
636 1242 659 1281 ἃ
681 1243 924 1292 κατηγόρηκα
944 1239 966 1290 ἢ
987 1242 1204 1289 πεποιηκὼς
1226 1241 1270 1280 οὐ
1290 1241 1378 1291 περὶ
1399 1240 1467 1290 τὴν
1490 1239 1626 1290 ἑορτὴν
1648 1241 1782 1286 ἀδικεῖ,

267 1300 380 1336 τοῦτο
412 1299 608 1344 δεικνύτω,
638 1301 746 1336 τοῦτο
777 1300 852 1348 γὰρ
880 1297 998 1336 αὐτὸν
1026 1297 1309 1347 προύβαλόμην
1338 1297 1398 1336 καὶ
1430 1297 1516 1347 περὶ
1546 1297 1682 1335 τούτου
1715 1296 1785 1345 τὴν

267 1355 408 1403 ψῆφον
435 1356 504 1393 νῦν
535 1355 665 1393 οἴσετε
695 1355 827 1403 ὑμεῖς;
865 1366 947 1392 non
979 1357 1122 1392 tamen
1150 1366 1232 1405 quo
1269 1353 1457 1402 ἀσεβείας
1489 1366 1636 1391 caussa
1671 1352 1784 1405 apud

263 1408 423 1462 judices
444 1414 610 1463 agatur,
634 1409 705 1449 sed
727 1414 774 1449 ut
796 1424 834 1462 p.
857 1410 954 1461 516.
977 1413 1039 1448 651
1058 1425 1065 1448 ;
1094 1411 1250 1459 πληγὰς
1272 1409 1441 1459 εἰληφὼς
1464 1409 1525 1447 καὶ
1530 1409 1785 1477 ὑβρισμένος

268 1466 331 1504 οἶα
362 1465 427 1504 οὐκ
460 1466 530 1505 οἶδ
554 1467 589 1505 εἴ
617 1482 672 1507 τις
702 1466 827 1507 ἄλλος
858 1466 1011 1504 πώποτε
1041 1465 1210 1516 χορηγὸς
1238 1465 1419 1515 ὑβρίσθη,
1449 1464 1496 1513 ἣν
1521 1465 1617 1514 ὑπὲρ
1639 1465 1784 1503 τούτων

268 1521 544 1572 ἇγανακτησος
581 1538 643 1560 και
679 1522 951 1572 συνοργισθεὶς
987 1537 1330 1572 καταχειροτονιαν
1363 1521 1382 1558 ὁ
1420 1522 1535 1568 δῆμος
1573 1519 1783 1569 ἐποιησατο

267 1578 410 1627 ταύτην
433 1577 669 1629 εἰσέρχομαι,
700 1576 894 1615 nimiunn
925 1585 973 1616 ut
1004 1576 1081 1616 1106
1114 1575 1315 1616 Heliaeae
1337 1575 1658 1645 dijudicandum
1690 1575 1784 1615 sub-

263 1632 381 1685 jiciat
405 1648 443 1686 p.
458 1636 555 1686 516.
578 1635 744 1683 ’όΤΕρΟῑἸ
762 1634 906 1682 ἐξεῖναι
927 1635 988 1672 δεῖ
1005 1649 1052 1671 τα
1069 1636 1227 1671 τοιαῦτα
1248 1635 1374 1671 ποιεῖν
1390 1632 1450 1671 καὶ
1474 1633 1526 1673 εἰς
1543 1631 1610 1670 τοι·
1626 1630 1781 1683 τυχόνθ’

268 1691 371 1739 ὑμῶν
402 1691 522 1731 ἀδεῶς
557 1690 728 1740 ὑβρίζειν
753 1706 776 1738 η
807 1704 882 1738 μη;
916 1688 965 1727 cf.
988 1703 1055 1741 pp.
1078 1690 1175 1741 526.
1196 1699 1277 1741 527
1285 1719 1292 1726 .
1321 1698 1417 1751 535.
1443 1699 1539 1741 537.
1565 1689 1663 1740 538.
1685 1700 1782 1739 544.

265 1747 362 1797 548.
384 1757 480 1799 559.
503 1747 601 1798 564.
628 1746 724 1797 5.69
753 1756 850 1797 573.
880 1756 976 1797 579.
1005 1745 1100 1812 581.
1123 1745 1218 1797 582.
1250 1745 1352 1795 ‘843
1387 1744 1512 1783 immo
1544 1743 1615 1783 ubi
1646 1748 1783 1783 totam

266 1815 313 1840 or
315 1801 499 1841 ationem
515 1801 698 1854 disponit
706 1815 755 1870 p.
765 1813 861 1854 521,
880 1814 961 1839 non
980 1800 1172 1850 ἀσέβειαν
1188 1804 1406 1848 memorat,
1425 1800 1497 1839 sed
1516 1798 1708 1851 εξελέγξω
1726 1801 1780 1846 δὲ,

265 1857 412 1912 inquit,
435 1861 588 1909 πρῶτον
607 1859 680 1907 μὲν
701 1859 778 1896 ὅσα
804 1856 917 1898 αἰτὸς
938 1858 1145 1908 ὑβρίσθην,
1171 1855 1289 1896 ἔπειθ’
1309 1857 1384 1896 ὅσα
1404 1858 1520 1906 ὑμεῖς,
1543 1873 1640 1906 μετα
1662 1858 1782 1896 ταῦτα

265 1915 307 1953 δὲ
339 1914 400 1953 καὶ
431 1915 499 1954 τὸν
526 1914 653 1953 ἄλλον
677 1914 770 1963 βίον
798 1913 914 1953 αὑτοῦ
942 1913 1070 1953 πάντα
1100 1912 1294 1963 ἐξετάσωῑ
1328 1926 1404 1952 1166
1430 1912 1495 1952 dei
1525 1911 1682 1952 mentio
1712 1927 1781 1965 pp.

263 1981 360 2022 527.
388 1983 486 2023 534.
514 1971 609 2023 556.
638 1970 736 2022 586.
765 1974 935 2009 exstans
963 1968 1205 2023 judicialem
1234 1967 1368 2023 magis
1397 1982 1521 2022 quam
1552 1968 1782 2008 oratoriam

265 2025 347 2064 vim
377 2027 529 2075 habet·
563 2026 613 2064 61.
637 2030 680 2065 et
700 2040 741 2079 p.
763 2027 859 2078 562.
891 2043 942 2075 μη
968 2027 1099 2065 τοίνυν
1126 2027 1216 2075 ὑμῖν
1240 2025 1336 2076 πρὸς
1363 2027 1415 2078 τῷ
1447 2042 1498 2075 μη
1533 2024 1655 2064 καλὸν
1686 2025 1782 2074 μηδὲ

265 2083 422 2131 θεμιτὸν
451 2084 545 2132 μηδὲ
577 2083 689 2121 ὅσιον
722 2083 892 2131 νομίζετε
928 2081 1027 2121 εἶναι
1057 2083 1241 2121 τοιούτων
1272 2083 1423 2132 ἀνδρῶν
1453 2082 1663 2132 ἀπογόνοις
1694 2097 1782 2120 ουσι

265 2139 437 2189 πονηρὸν
474 2139 533 2177 καὶ
572 2139 706 2186 βίαιον
742 2139 803 2176 καὶ
843 2137 1035 2187 ὑβριστην
1075 2141 1274 2187 λαβουσιν
1309 2138 1515 2187 ἄνθρωπον
1552 2137 1781 2187 συγγιώμης

265 2194 438 2243 ἀξιῶσαι.
502 2193 597 2247 Ipse
624 2207 749 2246 porro
774 2192 930 2232 Midias
960 2197 1126 2233 tantuin
1157 2194 1278 2232 abest
1303 2199 1351 2232 ut
1378 2195 1493 2243 ὕβριν
1514 2191 1779 2239 confiteatur,

265 2250 456 2297 ἀσέβειαν
477 2250 600 2289 inodo
622 2264 646 2288 a
668 2263 710 2288 se
731 2248 894 2288 amoliri
916 2249 1098 2296 studeat,
1122 2254 1169 2288 ut
1191 2249 1280 2302 ipsa
1300 2249 1438 2295 verba,
1463 2248 1571 2287 unde
1601 2247 1781 2287 maxime

263 2305 452 2345 rhetores
488 2304 804 2345 constitutionis
845 2318 943 2344 suae
983 2310 1277 2358 argumentum
1317 2303 1536 2358 repetiisse
1571 2303 1778 2351 videntur,

305 2462 320 2480 c
345 2458 518 2487 Senserunt
542 2456 600 2486 hoc
623 2456 715 2486 etiam
738 2455 886 2485 catissimi
904 2455 986 2485 Her-

262 2500 403 2539 mogenis
415 2500 601 2537 interpretes
613 2499 696 2537 apud
712 2498 873 2527 W'alzium
886 2497 946 2527 vol.
955 2509 985 2535 4.

262 2553 292 2581 p.
310 2551 392 2580 524:
417 2541 552 2579 ζητεῖται
576 2540 609 2570 δὲ
632 2540 713 2580 παρὰ
735 2539 937 2577 Δημοσθένει,
955 2539 987 2569 τί

262 2584 376 2619 δήποτε
401 2585 449 2614 καὶ
475 2583 623 2617 ἀσέβειαν
647 2584 789 2620 ἐγκαλῶν
808 2584 852 2620 τῷ
877 2582 986 2621 Μειδίᾳ

263 2627 311 2656 ἐπὶ
340 2626 422 2657 πολὺ
449 2628 493 2664 τῷ
517 2625 584 2664 περὶ
613 2627 669 2660 τῆς
695 2626 809 2664 ὕβρεως
837 2625 985 2662 ἐπεξῆλθε

261 2668 358 2707 λόγῳ,
379 2669 437 2698 ἀπὸ
462 2670 524 2697 τῶν
548 2667 724 2698 ἐλαττόνων
749 2668 913 2706 ἐπιχειρῶν
935 2667 985 2696 καὶ

262 2710 365 2749 λέγων
389 2712 437 2741 ὅτι
464 2709 532 2740 οὐδὲ
557 2710 628 2740 τοὺς
656 2709 783 2740 δούλους
811 2708 985 2748 ὑβρίζεσθαι

262 2753 506 2792 συγκεχώρηκεν
536 2754 552 2782 ὁ
583 2752 692 2789 νόμοςε
732 2762 790 2782 nec
820 2762 900 2800 quae
937 2752 986 2781 his

261 2797 415 2835 scrupulis
439 2796 636 2826 removendis
657 2795 796 2825 afferunt
813 2795 912 2833 magis
929 2804 986 2823 nos

261 2846 399 2874 mov‚ent
424 2848 519 2878 quam
549 2839 573 2867 51
597 2838 666 2876 quis
693 2836 840 2871 ἀσεβείας
864 2836 985 2866 crimen

262 2882 403 2911 inxeuiat
428 2892 456 2919 p.
476 2889 532 2919 551
554 2887 635 2910 extr.
652 2886 708 2909 aut
731 2890 759 2917 p.
779 2887 861 2917 553.
885 2877 986 2908 καίτοι

261 2925 324 2953 πῶς
348 2924 382 2952 οὒ
406 2924 515 2958 δεινὸν,
539 2923 662 2959 μᾶλλον
679 2920 712 2951 δὲ
735 2920 861 2958 ἀσεβὲς,
878 2919 987 2957 λέγειν

263 2967 302 2995 ὡς
318 2965 428 3003 φονεὺς
452 2965 500 2994 καὶ
525 2963 619 2994 πάλιν
635 2964 673 2994 ὡς
696 2975 751 2993 ουκ
774 2964 875 3001 εἴρηκε
892 2963 986 2992 τοῦτο

265 3006 452 3044 ἆπομνύναιε
481 3007 540 3035 nisi
569 3008 649 3036 forte
677 3005 835 3035 homicidii
865 3014 988 3043 quoque

1055 2454 1173 2484 crimen
1195 2453 1316 2482 Midiae
1339 2452 1461 2482 intendi
1479 2452 1577 2482 velint
1601 2460 1726 2492 propter
1748 2463 1777 2491 p.

1055 2505 1137 2535 549:
1162 2496 1223 2532 ε”γὼ
1246 2494 1303 2531 μὲν
1323 2494 1384 2533 ’γὰρ
1407 2495 1511 2532 αὐτὸν,
1528 2493 1550 2524 ὦ
1567 2495 1672 2534 ἄνδρες
1688 2496 1779 2530 Ἀθη-

1054 2539 1143 2576 ναῖοι,
1167 2536 1276 2575 νομίζω
1304 2535 1472 2576 αὐτόχειρά
1502 2549 1561 2574 μου
1589 2538 1780 2575 ’γεγενῆσθαι

1053 2580 1195 2611 τούτοις.
1189 2582 1195 2600 ¹

1097 2622 1114 2645 d
1140 2623 1250 2662 Lysias
1267 2622 1350 2661 apud
1367 2622 1475 2661 Ety.m
1494 2621 1543 2650 M.
1560 2632 1588 2660 p.
1607 2629 1687 2660 774:
1711 2620 1778 2650 καῖ-

1052 2678 1101 2695 τοι
1128 2665 1176 2695 τίς
1203 2665 1258 2694 οὐκ
1285 2663 1366 2693 οἶδεν
1392 2665 1473 2701 ὑμῶν
1496 2663 1544 2692 ὅτι
1570 2663 1589 2699 ἡ
1617 2662 1674 2699 μὲν
1696 2662 1779 2693 αἰκία

1053 2706 1223 2746 χρημάτων
1253 2707 1321 2736 ἐστὶ
1351 2704 1445 2743 μόνον
1475 2706 1614 2742 τιμῆσαι,
1642 2704 1714 2736 τοὺς
1745 2704 1777 2735 δὲ

1055 2749 1187 2789 ὑβριζειν
1203 2749 1350 2786 δόξαντας
1369 2747 1490 2786 ἔξεστιν
1507 2748 1575 2784 ὕμιν
1591 2746 1711 2785 θανάτῳ
1729 2746 1778 2785 ζη-

1052 2793 1156 2830 μιοῦνς
1184 2792 1223 2821 cf.
1246 2791 1410 2820 Demosth.
1440 2790 1522 2819 Mid.
1547 2800 1574 2828 p.
1602 2799 1687 2828 530„
1713 2791 1779 2820 Ae-

1053 2835 1153 2864 schiu.
1174 2833 1334 2863 Timarch.
1358 2843 1387 2871 p.
1411 2841 1441 2869 3.
1466 2832 1546 2861 HSt.
1565 2832 1631 2870 (42.
1651 2832 1776 2871 Reisk.)

1054 2877 1183 2907 Aristot.
1198 2876 1327 2905 Rhetor.
1346 2884 1371 2911 1,
1388 2883 1434 2911 14,
1449 2883 1466 2912 3
1483 2875 1686 2913 ejusdemque
1701 2875 1777 2904 Pro-

1055 2919 1145 2949 blem.
1162 2928 1212 2957 29,
1230 2916 1264 2946 16
1280 2929 1287 2946 z
1312 2917 1360 2945 ε’πὶ
1378 2915 1410 2946 δὲ
1425 2916 1509 2954 ὕβρει
1525 2915 1651 2954 τίμησις
1667 2916 1698 2946 τί
1713 2915 1776 2955 χρὴ

1055 2961 1162 2990 παθεῖν
1178 2960 1196 2995 ἢ
1214 2959 1369 2988 ἀποτῖσαι.
