1997 3256
230 938 285 979 89

295 162 377 203 614

293 266 450 306 mentio
485 266 533 306 fit
570 266 683 320 apud
718 272 931 306 oratorem
967 271 1169 306 nostrum.

293 322 584 376 interpreteris
626 336 790 361 munera
831 322 1020 370 solennia.
1057 329 1176 371 stata,
1213 323 1476 362 ordinm-ian.

594 162 682 201 FR.
711 162 763 200 A.
790 160 1019 200 WOLFII
1053 160 1511 201 PROLEGOMENA

1241 266 1397 306 Latine
1433 280 1516 306 non
1552 265 1812 305 incommode

1544 321 1666 362 Haec
1703 321 1814 361 enim

226 379 335 421 87in
370 379 473 418 urbe
507 378 619 418 nullo
654 383 844 432 tempore
880 378 1283 427 intermittebantm,
1319 378 1535 419 curatione
1570 392 1644 431 per
1677 377 1814 417 tribus

294 440 419 474 eunte
441 435 480 474 in
504 436 659 475 orbem.

708 435 948 488 Cujtlsmodi
971 440 1067 474 sunt
1089 436 1270 487 χορηγία,
1293 435 1598 487 γυμνασιαρχία,
1623 435 1813 475 ἑστίασις.

295 491 354 531 Et
384 491 479 530 belli
510 496 698 544 tempore
724 491 806 531 duo
837 492 1096 532 accedebant
1127 505 1246 538 nova,
1271 493 1439 542 εἰσφορὰ
1469 495 1513 530 et
1540 491 1770 542 τριηραρχία
1783 497 1815 528 0.

227 550 281 588 88
297 548 379 587 Sed
399 547 453 587 ad
474 547 623 587 hoium
645 547 821 587 duorum
849 547 1070 611 posterius

1095 547 1206 600 quod
1227 550 1390 586 sumtus
1411 552 1503 586 erat
1529 545 1707 599 plurimi,
1730 560 1814 584 non

295 604 381 643 fere
402 603 481 643 nisi
502 603 839 667 opulentissimus
862 604 1035 658 quisque
1056 604 1320 657 adigebatur
1344 601 1472 643 ceteri
1499 607 1705 655 perpetua
1727 602 1816 655 ejus

295 660 478 699 muneiis
505 659 769 700 immunitate
799 660 1070 700 sinebantur:

1104 660 1288 712 itemque
1311 658 1505 705 vicissim
1529 658 1642 721 quod
1661 658 1816 698 damno

295 716 357 755 lex
360 716 469 756 ando
491 721 612 763 esset-
636 716 741 756 trier
743 717 879 756 archis
903 716 1058 757 licebat
1083 715 1335 755 immunibus
1358 729 1446 755 esse
1467 729 1491 754 a
1515 714 1644 768 priori
1664 728 1817 768 genere

297 777 381 812 Stat
386 787 504 812 arum
525 772 798 812 functionum.

300 884 400 923 dum
422 885 472 923 de
496 884 680 938 singulis.

863 775 1046 824 Εἰσφορὰ
1076 778 1219 812 autem
1245 776 1337 812 elat
1363 771 1559 817 onmium
1583 769 1661 809 nisi
1684 770 1752 823 qui
1774 770 1817 809 in

297 834 398 868 nota
428 833 670 881 testataque
700 829 839 883 inopia
861 829 989 869 xitam
1012 829 1211 883 degerent
1228 837 1260 867 1).

1324 828 1425 868 Jam
1451 826 1658 881 explicate
1680 826 1818 865 dicen-

356 941 421 980 Ac
439 941 617 994 primum
640 955 789 980 nomen
812 944 982 993 χορηγοῦ
999 946 1041 981 et
1064 941 1158 981 inde
1181 941 1307 981 ducta
1331 939 1488 980 solenni
1509 939 1669 980 Atticis
1694 953 1817 979 sensu

298 996 448 1050 propia
467 1002 563 1037 sunt
579 997 629 1037 de
647 1012 706 1043 eo.
720 997 788 1050 qui
807 1012 831 1037 a
849 997 962 1037 tribu
981 1012 1054 1037 sua
1073 997 1210 1037 editus
1227 1003 1410 1037 5umtum
1426 997 1659 1050 praebebat
1679 995 1820 1036 choris

300 1053 556 1093 instruendis
577 1060 619 1093 et
641 1054 744 1093 adm
748 1053 935 1093 nandi-5⁶³

992 1053 1108 1093 Res
1099 1069 1140 1093 m
1162 1053 1341 1107 speciem
1363 1053 1462 1093 lexis
1484 1058 1560 1094 e5t.
1584 1057 1631 1092 at
1652 1066 1818 1106 magna,

301 1109 333 1149 si
375 1123 466 1149 eain
508 1124 557 1149 ex
598 1109 804 1149 institutis
847 1109 1106 1150 Graecorum
1148 1115 1322 1164 spectes.

1405 1097 1563 1149 Notum
1604 1114 1668 1149 est
1711 1107 1820 1148 enim

303 1165 594 1213 Athenienses
612 1166 762 1220 quibus
784 1166 893 1206 nulla
917 1181 1070 1220 unqam
1092 1180 1193 1220 gens
1213 1166 1376 1220 gratius
1397 1165 1640 1219 feliciusque
1661 1180 1722 1204 x11
1725 1164 1820 1205 ilem

301 1337 501 1367 simll'olfius
513 1337 586 1367 huic
599 1337 742 1378 syntaxis
751 1337 890 1368 Graecae
900 1336 1028 1375 scopulo

302 1381 442 1419 impegit.
476 1381 516 1409 V.
534 1391 628 1420 supra
646 1391 674 1419 p.
689 1390 740 1419 59.
774 1380 1027 1410 SCHAEFER.

345 1428 365 1445 Π
391 1423 518 1462 Ulpian.
536 1425 575 1452 ad
593 1422 683 1453 Orat.
709 1434 738 1461 p.
756 1431 829 1462 494,
849 1423 896 1452 26.
919 1423 1029 1452 Λεῖτον

303 1464 435 1495 ἐκάλουν
452 1466 480 1495 οἵ
495 1465 622 1495 παλαιοὶ
643 1465 679 1495 τὸ
704 1464 862 1501 δημόσιον,
880 1465 949 1495 ὅθεν
965 1470 1029 1494 λει-

301 1509 445 1547 τουργεῖν
471 1508 508 1538 τὸ
536 1507 578 1538 εἷς
605 1509 641 1537 τὸ
670 1507 819 1544 δημόσιον
848 1505 1029 1547 ἐργάζεσθαι

304 1549 427 1588 ἔλεγον.
474 1552 523 1580 Ad
547 1551 606 1580 hoc
631 1551 712 1580 conf.
734 1551 884 1580 Herodot.
912 1560 1027 1590 7³19?-

302 1593 441 1633 Etymol.
469 1593 516 1623 M.
542 1594 693 1622 Ammon.
720 1600 751 1623 et
778 1593 912 1622 Moerid.
940 1594 973 1622 in
998 1603 1027 1621 v.

301 1636 483 1675 λειτουργὸς
494 1635 542 1666 vel
560 1636 764 1673 λειτουργεῖν,
776 1644 806 1666 et
820 1636 862 1665 ibi
876 1635 1028 1665 Valcken.

302 1687 334 1709 et
349 1679 487 1708 Pierson.
521 1678 642 1708 Scilicet
655 1689 744 1708 voces
760 1686 835 1708 sunt
852 1678 915 1707 sola
929 1679 1030 1708 forma

302 1722 455 1756 diversae,
480 1728 588 1760 utpote
613 1731 631 1750 a
650 1721 726 1750 λαὸς
748 1728 780 1751 et
802 1721 882 1751 λεὼς
904 1722 1029 1756 ductae,

303 1762 421 1801 λάϊτος,
439 1763 553 1799 λέῖτος,
570 1764 685 1800 λεῖτος,
703 1762 823 1799 λήϊτος,
841 1765 950 1802 λῇτος,
971 1773 1028 1802 po-

301 1807 440 1845 pularis,
456 1807 612 1844 publicus.
648 1806 673 1835 E
690 1812 846 1845 postrema
857 1807 1030 1836 formatum

303 1850 490 1888 λῃτουργεῖν
506 1856 588 1878 recte
607 1848 776 1878 Pici-sonus
792 1849 950 1878 veteribus
968 1849 1030 1878 At-

305 1892 373 1922 ticis
384 1892 535 1927 vindicat,
552 1891 646 1921 simul
664 1892 696 1920 in
713 1891 874 1921 Plutarchi
893 1891 1032 1921 Romulo

304 1945 334 1974 p.
349 1943 390 1972 34
406 1935 442 1963 B.
462 1934 537 1964 scite
553 1944 707 1973 reponens
723 1933 834 1969 λήϊτον
850 1933 910 1973 γὰρ
926 1935 962 1963 τὸ
980 1935 1032 1969 δη-

303 1975 423 2013 μόσιον.
472 1976 583 2006 Altera
610 1984 641 2006 et
668 1976 823 2015 generalis
848 1977 947 2013 notio,
970 1987 1032 2016 qua

305 2018 485 2057 λειτουργία
508 2020 625 2049 dicitur
648 2020 686 2049 de
709 2029 916 2058 quaecunque
939 2029 1033 2058 opera

306 2062 437 2100 publicis
453 2062 561 2091 usibus
579 2069 746 2099 praestata,
764 2062 869 2091 minus
888 2063 1034 2100 frequen-

306 2111 394 2134 tatur
418 2105 501 2142 apud
526 2105 658 2133 Atticos.
707 2104 842 2133 Brevem
868 2104 1033 2133 historiam

307 2147 406 2180 verbi,
419 2145 580 2185 Theologo
592 2152 716 2185 praeter
728 2153 844 2176 ceteros
857 2146 1032 2185 legendam,

308 2189 394 2218 dedit
412 2189 545 2218 Casani).
565 2189 713 2218 Exercitt.
730 2189 763 2217 in
779 2189 895 2218 namn.
911 2189 1033 2218 Annal.

308 2241 337 2269 p.
356 2240 419 2269 450
435 2242 518 2270 seqq.
555 2231 704 2260 Ceterum
723 2232 805 2270 qnod
824 2231 937 2261 Latine
954 2231 1033 2262 verti

309 2283 453 2306 munera,
470 2274 673 2313 cogitandum
696 2280 741 2303 est
760 2275 798 2303 de
816 2274 1034 2303 Romanorum

310 2317 494 2345 muneribus
528 2316 674 2346 aediliciis
707 2323 738 2346 et
771 2316 839 2345 aliis
869 2317 1034 2355 ejusmodi.

311 2358 449 2388 Elininie
466 2369 539 2388 vero
555 2358 746 2397 λειτουργίαι
767 2359 943 2389 miscendae
960 2366 1035 2389 sunt

310 2411 383 2430 cum
397 2400 506 2440 ἀρχαῖς
520 2401 550 2430 h.
568 2403 815 2438 mayistratibus,
829 2402 911 2441 quod
924 2412 942 2431 a
956 2412 1036 2431 non-

311 2443 406 2473 nullis
431 2445 548 2473 factnrn
571 2444 645 2473 vidi.
694 2444 827 2474 Temere
850 2445 881 2473 id
905 2444 1034 2484 college-

312 2494 388 2516 runt
403 2497 443 2516 ex
463 2487 625 2516 Demosth.
645 2487 683 2516 de
701 2487 772 2516 Cor.
790 2497 819 2525 p.
837 2494 910 2522 312.

358 2533 375 2550 0
400 2529 565 2559 Demosth.
589 2529 653 2568 ipse
679 2539 708 2568 p.
733 2528 805 2566 463,
826 2539 872 2558 12.
899 2529 938 2559 Οἱ
966 2531 1035 2559 κατ’

313 2571 452 2601 ἐνιαυτὸν
464 2571 520 2601 τὰς
534 2570 717 2606 ἐγκυκλίους
733 2571 927 2610 λειτουργίας
938 2572 1033 2611 (conf.

313 2624 344 2651 p.
360 2614 433 2651 496,
450 2614 513 2653 16.)
529 2615 783 2653 λειτουργοῦντες
801 2614 883 2652 ἡμῖν,
903 2614 1036 2653 χορηγοὶ

314 2656 362 2685 καὶ
386 2657 615 2694 γυμνασίαρχοι
637 2657 686 2686 καὶ
711 2655 899 2695 ἑστιάτορες.
948 2657 1036 2687 Idem

313 2699 384 2727 adv.
405 2699 511 2729 Boeot.
528 2709 553 2728 1.
572 2710 599 2738 p.
618 2700 691 2739 996,
714 2709 761 2729 21.
784 2700 904 2729 Οὐκοῦν
922 2699 1038 2730 Μαντί-

316 2742 384 2770 θεον
403 2742 540 2771 Μαντίου
557 2743 699 2780 Θορίκιον
716 2741 838 2772 οἵσουσί
859 2753 909 2780 με,
926 2742 963 2772 ἂν
979 2754 1036 2780 χο-

315 2783 411 2820 ρηγὸν
424 2784 442 2819 ἢ
458 2784 751 2822 γυμνασίαρχονῆ
739 2784 906 2822 εστιάτορα
921 2784 939 2820 ἢ
956 2784 1037 2814 ἄλλο

315 2836 346 2853 τι
368 2827 430 2854 τῶν
452 2826 557 2856 ἄλλων
578 2825 704 2865 φέρωσι.
750 2827 837 2867 (Scil.
855 2827 883 2856 οἱ
906 2826 1038 2865 φυλέται

317 2876 371 2896 seu
388 2866 406 2902 ἡ
423 2868 516 2905 φυλή
566 2869 649 2898 Nam
668 2870 808 2899 tribuum
825 2876 892 2899 erat
907 2880 968 2907 eos,
985 2870 1037 2909 qni

317 2918 450 2939 munera
468 2912 661 2949 praebemut,
677 2912 840 2941 nominare
859 2912 923 2941 sive
939 2913 1039 2949 edere,

318 2953 400 2989 qnod
426 2959 471 2982 est
497 2951 610 2991 φερειν,
640 2953 788 2990 ἐνεγκεῖν.
835 2954 925 2984 Conf.
945 2954 1037 2983 Com-

1094 1341 1193 1366 ment.
1210 1336 1249 1365 ad
1270 1345 1298 1374 p.
1317 1333 1393 1374 496,
1413 1344 1461 1365 20.
1485 1335 1634 1374 Xenoph.
1653 1334 1772 1366 Oecon.
1791 1344 1821 1370 α,

1095 1379 1202 1408 6.Ἔτι
1218 1377 1251 1408 δὲ
1268 1378 1316 1407 καὶ
1333 1377 1392 1413 τὴν
1405 1377 1498 1407 πόλιν
1512 1376 1693 1415 αἰσθάνομαι
1709 1377 1748 1407 τὰ
1765 1376 1824 1414 μὲν

1096 1421 1153 1457 ἤδη
1182 1432 1231 1451 σοι
1261 1420 1523 1459 προστάττουσαν
1552 1419 1675 1458 ιιεγάλα
1704 1421 1822 1457 τελεῖν,

1097 1463 1301 1503 ἱπποτροφίας
1323 1475 1360 1492 τε
1382 1463 1431 1493 καὶ
1455 1462 1609 1503 χορηγίας
1633 1463 1682 1494 καὶ
1705 1474 1824 1501 γυμνα-

1098 1506 1242 1546 σιαρχίας
1267 1506 1316 1535 καὶ
1341 1506 1558 1544 προστατείας’
1587 1506 1626 1542 ἢν
1649 1505 1682 1536 δὲ
1706 1506 1743 1542 δὴ
1766 1505 1823 1536 πό-

1097 1555 1192 1585 λεμος
1221 1547 1362 1587 γένῃται,
1390 1547 1444 1578 οἶδ>
1467 1548 1514 1578 ὅτι
1544 1548 1594 1579 καὶ
1623 1548 1825 1588 τριηραρχίας

1097 1591 1224 1629 μισθοὺς
1248 1591 1296 1621 καὶ
1323 1590 1468 1630 εἰσφορὰς
1484 1591 1641 1622 τοσαύτας
1658 1603 1707 1621 σοι
1726 1602 1824 1630 προσ-

1098 1634 1256 1673 τάξουσιν,
1268 1634 1342 1664 ὅσας
1356 1634 1394 1664 σὺ
1408 1635 1442 1664 οὐ
1458 1633 1565 1674 ῥᾳδίως
1583 1633 1729 1664 ὑποίσεις·
1748 1634 1824 1664 ὅπου

1099 1679 1125 1707 δ’
1143 1678 1180 1707 ἂν
1201 1678 1309 1707 ἐνδεῶς
1332 1675 1420 1716 δόξῃς
1444 1676 1475 1706 τὶ
1499 1675 1618 1706 τούτων
1637 1677 1744 1713 ποιεῖν,
1769 1675 1824 1706 οἶδ’

1098 1720 1146 1750 ὅτι
1164 1718 1199 1750 σὲ
1216 1718 1609 1757 τιμωρήσονταιἈθηναῖοι
1626 1718 1714 1749 οὐδὲν
1726 1717 1825 1755 ἦττον

1097 1763 1116 1799 ἢ
1139 1762 1165 1792 εἰ
1185 1762 1225 1791 τὰ
1249 1763 1350 1792 αὐτῶν
1366 1761 1495 1796 λάβοιεν
1511 1762 1700 1792 κλέπτοντα.
1747 1762 1824 1791 Ari-

1098 1812 1170 1836 stot.
1188 1805 1292 1835 Ethic.
1312 1805 1435 1834 Nicom.
1453 1817 1483 1842 4,
1501 1804 1630 1842 5.Ἐστι
1647 1804 1679 1835 δὲ
1696 1806 1758 1834 τῶν
1774 1806 1826 1834 δα-

1097 1847 1297 1884 πανημάτων,
1314 1845 1363 1877 οἷα
1378 1847 1515 1885 λέγομεν
1530 1847 1570 1877 τὰ
1585 1847 1681 1884 τίμια·
1706 1846 1770 1877 οἷον
1785 1847 1826 1876 τὰ.

1098 1891 1166 1929 περὶ
1180 1890 1251 1920 τοὺς
1268 1889 1352 1920 θεοὺς
1370 1890 1550 1927 ἀναθήματα
1567 1890 1615 1920 καὶ
1633 1890 1823 1920 κατασκευαὶ

1099 1934 1148 1964 καὶ
1166 1932 1278 1963 θυσίαι·
1302 1931 1411 1969 ὁμοίως
1433 1932 1465 1962 δὲ
1485 1933 1535 1963 καὶ
1553 1932 1612 1962 ὅσα
1627 1932 1695 1971 περὶ
1712 1934 1773 1962 πᾶν
1788 1933 1826 1962 τὸ

1100 1975 1264 2013 δαιμόνιον·
1294 1975 1343 2005 καὶ
1362 1975 1421 2005 ὅσα
1436 1975 1510 2014 πρὸς
1526 1976 1563 2005 τὸ
1579 1976 1682 2006 κοινὸν
1699 1976 1826 2014 εὐφιλο-

1099 2017 1216 2055 τίμητά
1233 2019 1331 2054 ἐστιν,
1350 2016 1414 2048 οἷον
1431 2019 1460 2048 εἴ
1472 2030 1530 2048 που
1546 2019 1698 2057 χορηγεῖν
1711 2020 1828 2048 οἴονται

1101 2062 1165 2091 δεῖν
1181 2062 1338 2100 λαμπρῶς,
1353 2061 1372 2097 ἢ
1388 2062 1596 2100 τριηραρχεῖν,
1614 2061 1633 2097 ἢ
1650 2061 1700 2091 καὶ
1718 2061 1827 2091 ἑστιᾶν

1101 2104 1161 2139 τὴν
1176 2103 1277 2133 πόλιν.
1326 2104 1413 2133 Idem
1427 2103 1641 2143 philosophus,
1659 2103 1707 2133 vel
1723 2104 1828 2142 potius

1102 2147 1230 2185 ignotus
1244 2146 1388 2184 scriptor,
1400 2147 1434 2175 in
1446 2146 1617 2176 Oeconom.
1632 2155 1658 2176 2.
1673 2157 1700 2185 p.
1717 2155 1777 2185 502
1791 2146 1816 2176 C

1102 2190 1141 2219 de
1173 2189 1308 2227 Hippiae
1338 2189 1467 2228 tyranni
1499 2190 1712 2228 temporibus:
1730 2187 1827 2218 ‘'Oa-oi

1101 2231 1310 2270 τριηραρχεῖν,
1335 2230 1351 2266 ἢ
1376 2231 1561 2270 φυλαρχεῖν,
1583 2231 1602 2267 ἢ
1626 2232 1787 2270 χορηγεῖν,
1808 2231 1828 2266 ἥ

1103 2286 1172 2303 τινα
1185 2273 1227 2304 εἷς
1241 2272 1350 2311 ἑτέραν
1362 2273 1559 2312 λειτουργίαν
1571 2273 1720 2309 τοιαύτην
1734 2274 1828 2311 ἤμελ-

1103 2322 1160 2346 λον
1171 2316 1317 2352 δαπανᾶν,
1328 2316 1447 2353 τίμημα
1462 2315 1553 2354 τάξας
1568 2316 1694 2355 μέτριον
1707 2329 1733 2346 κ.
1749 2329 1778 2346 τ.
1795 2322 1827 2346 λ.

1104 2360 1166 2389 Ubi
1190 2359 1257 2389 sine
1273 2359 1369 2388 dubio
1387 2360 1519 2389 verbum
1537 2360 1712 2399 φυλαρχεῖν
1728 2359 1828 2399 inpri-

1103 2403 1162 2432 mis
1178 2403 1217 2431 ad
1235 2401 1377 2431 ἑστίασιν
1394 2402 1540 2441 pertinet.

1148 2452 1165 2475 P
1184 2445 1256 2474 Vid.
1275 2444 1367 2474 Orat.
1385 2455 1414 2484 p.
1433 2445 1505 2483 465.

1146 2492 1162 2516 (1
1180 2487 1392 2517 Usitatissima
1409 2487 1486 2517 haec
1502 2487 1588 2517 notio
1604 2494 1650 2517 est
1660 2487 1830 2517 verborum

1104 2530 1253 2569 χορηγὸς,
1281 2528 1429 2569 χορηγία,
1458 2531 1611 2569 χορηγεῖν
1640 2529 1672 2559 in
1700 2530 1829 2559 Atticis.

1105 2573 1202 2611 Apud
1220 2573 1295 2602 alias
1314 2580 1423 2611 gentes
1445 2574 1653 2603 sumebantur
1671 2572 1775 2611 potius
1791 2573 1830 2602 de

1105 2625 1150 2651 eo,
1175 2615 1227 2654 qni
1252 2615 1398 2645 choream
1422 2615 1518 2645 ducit.
1540 2615 1612 2644 vid.
1634 2614 1756 2644 Athen.
1781 2623 1829 2651 14.

1106 2669 1134 2697 p.
1164 2658 1224 2696 633
1257 2658 1294 2687 B.
1327 2664 1358 2688 et
1391 2657 1550 2687 Pollucem
1581 2666 1612 2695 9,
1642 2666 1693 2694 41.
1768 2656 1830 2686 Hic

1107 2709 1194 2730 notes
1225 2700 1329 2737 simul,
1362 2701 1457 2730 verba
1487 2700 1539 2728 illa
1573 2699 1696 2738 proprie
1726 2709 1830 2728 unum

1106 2743 1308 2773 excellentius
1327 2753 1427 2781 genus
1444 2742 1588 2771 notantia
1604 2742 1662 2771 dici
1680 2741 1776 2771 etiam
1792 2743 1831 2772 de

1107 2785 1233 2824 reliquis
1249 2786 1371 2814 dnobus
1388 2785 1477 2814 statis
1496 2784 1690 2814 muneribus.
1737 2784 1828 2814 Conf.

1107 2834 1214 2856 notam
1239 2828 1278 2856 ad
1305 2838 1332 2866 p.
1354 2829 1430 2863 462,
1456 2836 1505 2856 20.
1552 2826 1704 2856 Similiter
1726 2827 1830 2866 ipsum

1106 2871 1302 2908 λειτουργεῖν
1339 2880 1424 2899 nunc
1461 2870 1499 2899 de
1537 2869 1608 2899 solis
1646 2869 1830 2899 ministeriis

1107 2912 1190 2950 pacis
1214 2912 1353 2950 ponitur,
1375 2922 1461 2941 nnnc
1482 2912 1536 2949 ita,
1557 2917 1594 2941 nt
1615 2911 1724 2942 bellica
1745 2921 1829 2942 com-

1108 2954 1272 2992 plectatur.
1321 2954 1388 2984 Hoc
1404 2954 1548 2994 inprimis
1565 2955 1751 2984 notandum.
