1997 3256
458 151 781 192 ADVERSUS
819 153 1340 195 ARISTOCRATEM.
1571 155 1656 199 917

198 255 292 307 643,
318 266 382 294 20.
404 255 447 295 τὸ
470 256 532 295 ἐπὶ
554 259 788 310 Παλλαδίῳ]
819 258 976 298 Locum
996 259 1105 299 hune
1127 259 1232 300 citat
1254 259 1540 313 Harpocratio
1562 274 1592 299 s.
1616 273 1651 298 v.

140 310 203 350 ἐπὶ
226 312 454 364 Παλλαδίῳ.
487 311 680 352 REISK.
743 314 806 354 De
834 315 956 368 hujus
985 320 1312 368 ceterorumque⁷
1335 330 1439 369 quae
1467 315 1574 355 infra
1598 315 1652 354 ab

139 370 306 405 oratore
333 372 632 417 memorantur,
656 369 907 422 judiciorum
938 371 1187 418 nominibus,
1217 371 1373 424 origine
1401 375 1445 411 et
1475 370 1653 410 muneri-

139 421 216 460 bus
237 422 479 462 testimonia
505 429 691 464 veterum
719 426 892 466 collecta
919 431 1016 466 sunt
1041 428 1094 466 ab
1119 426 1357 466 Matthiaeo
1378 426 1420 465 in
1447 439 1652 465 commen-

139 477 301 517 tatione
323 478 374 517 de
397 479 562 531 judiciis
590 485 631 520 et
660 481 714 520 ab
740 482 898 521 Meiere
925 486 967 522 et
996 483 1283 522 Schoomanno
1311 482 1353 521 in
1374 481 1480 521 libro
1509 482 1559 522 de
1579 481 1653 521 lite

139 532 286 573 Attica
314 535 541 588 eodemque
568 535 609 574 in
633 536 779 590 Antiq.
797 538 903 589 juris
929 538 1081 590 publici
1104 537 1260 577 Athen.
1283 552 1322 590 p.
1348 550 1421 589 29¹
1450 551 1578 590 seqq,
1600 551 1653 576 ne

137 588 240 628 alios
271 604 496 630 memorem
525 606 606 630 non
637 607 792 645 paucos
820 593 889 646 qui
919 594 1027 632 idem
1057 598 1350 646 argumentum
1382 597 1650 632 tractarunt:

141 658 246 697 quae
269 660 389 685 1161110
411 647 490 686 erit
513 647 581 700 qui
604 648 669 687 hic
695 649 827 701 repeti
849 649 902 688 ab
924 649 1043 687 nobis
1065 648 1219 701 cupiat.

195 702 292 751 644,
323 716 355 741 1.
393 703 598 753 αἰδέσηταί
629 704 730 756 τινα]
773 704 975 752 αἰδέσηταί
1007 721 1063 745 τις
1096 718 1241 757 margo
1282 703 1344 743 ed.
1370 703 1505 743 Paris.
1532 713 1650 756 1570.

138 756 250 796 Bene
282 757 410 799 habet
440 775 537 807 τινα,
571 761 766 800 αἰδεῖσθαί
793 777 879 799 τινα
910 759 1106 799 dicebant
1137 759 1272 799 Attici
1301 759 1342 798 in
1374 773 1563 798 sermone
1593 759 1652 798 fo-

136 813 246 852 rensi
268 828 343 866 pro
361 814 530 867 placare
556 814 737 867 aliquem,
761 821 803 854 ut
827 816 875 855 de
901 815 1050 855 actione
1076 829 1150 854 saco
1176 821 1246 854 αυτ
1265 815 1361 867 jare
1386 829 1453 854 suo
1481 814 1654 867 aliquem

126 870 392 922 persequendi
418 877 489 909 aut
511 871 656 923 patria
686 871 849 910 arcendi
879 871 1085 911 desisteret.
1118 871 1321 910 REISK.
1382 870 1569 923 Respicit
1598 871 1652 910 ad

136 924 175 963 h.
205 924 230 964 1.
255 925 566 979 Harpocration
595 940 626 965 8.
656 941 691 965 v.
724 926 971 967 αἰδέσασθαι.
1034 926 1098 966 De
1128 926 1213 967 ritu
1245 926 1429 969 αἰδέσεως
1460 941 1497 966 v.
1527 926 1580 966 ad
1611 941 1650 980 p.

141 982 260 1033 1069,
286 993 323 1020 2.

138 1037 379 1131 ngipfigo.
401 1037 445 1076 τὸ
468 1037 530 1077 ἐπὶ
551 1037 771 1091 Δελφινίῳ]
795 1037 910 1078 Oitat
933 1037 1217 1092 Harpocratio
1239 1052 1270 1078 S.
1289 1053 1325 1078 V.
1350 1038 1412 1078 ἐπὶ
1435 1039 1651 1092 Δελφινίῳ.

174 1118 176 1123 ν
250 1094 275 1131 S
328 1124 336 1132 .

194 1149 292 1197 644,
312 1160 376 1198 24.
394 1150 986 1204 λογιζόμενοι-ἆποφυγγάνει]
1011 1150 1126 1191 01151115
1148 1150 1272 1190 schol.
1292 1150 1495 1204 Hermog.
1514 1149 1592 1190 vol.
1611 1163 1652 1200 4.

135 1219 174 1258 p.
199 1204 295 1243 828.
318 1219 366 1253 s.,
397 1204 549 1244 omisso
590 1206 807 1256 ὁμολογῶν,
845 1220 1020 1260 eumque
1057 1206 1268 1246 Aristides
1307 1206 1386 1246 vol.
1416 1220 1454 1258 9.
1486 1221 1526 1259 p.
1554 1217 1652 1258 345.

135 1260 340 1314 insignem
364 1261 552 1314 exemplo
575 1263 638 1310 τῆς
660 1263 896 1312 σεμνότητος
918 1263 1074 1312 laudat.
1097 1277 1141 1302 re
1163 1276 1185 1302 6
1207 1276 1368 1303 summa
1396 1261 1653 1315 antiquitate

136 1317 283 1370 petita.
319 1317 377 1356 W
382 1317 552 1356 EBER.

194 1374 289 1424 645,
314 1385 351 1422 7.
378 1373 448 1422 τὴν
469 1372 498 1413 δ’
524 1372 678 1425 ἑτέραν]
709 1372 959 1413 Revocanda
985 1374 1157 1428 vulgata
1184 1373 1392 1427 scriptura
1417 1374 1487 1423 τὴν
1517 1374 1654 1425 ἑτέραν

136 1427 181 1468 δ’.
244 1429 293 1468 111
328 1429 368 1468 S.
406 1434 470 1469 est
506 1429 575 1478 τὴν
612 1428 642 1468 δ’
676 1429 813 1479 ἑτέραν
854 1429 897 1475 δ’,
930 1430 1004 1469 sed
1038 1430 1153 1483 prius
1189 1430 1219 1469 δ’
1251 1434 1408 1483 puncto
1444 1434 1652 1470 notatum.

137 1483 336 1524 Similiter
356 1499 397 1537 p.
423 1496 541 1538 1159,
565 1498 605 1533 4.
628 1484 699 1523 ubi
720 1485 842 1539 vulgo
863 1486 932 1525 τὸν
957 1485 986 1525 δ’
1012 1488 1198 1537 Εὔεργον,
1222 1485 1263 1525 111
1287 1486 1329 1526 S.
1353 1490 1417 1525 est
1438 1486 1506 1525 τὸν
1528 1487 1559 1525 δ’
1582 1487 1656 1527 Εὔ-

137 1556 253 1591 εργον
275 1539 320 1589 δ’,
343 1540 413 1580 ubi
434 1539 629 1580 librarius
651 1540 829 1580 alterum
851 1540 880 1581 δ’
904 1547 1060 1595 puncto
1082 1546 1230 1582 notare
1252 1541 1446 1596 neglexit.

193 1597 288 1650 645,
320 1608 378 1637 12.
416 1596 663 1646 αὐτὴν-τὴν
702 1598 847 1649 αἰτίαν]
892 1597 1059 1637 Merum
1101 1598 1270 1643 crimen,
1308 1612 1468 1636 merum
1504 1611 1655 1637 nomen

134 1651 357 1700 homicidii,
395 1652 483 1692 sine
519 1652 787 1706 adjunctione
826 1653 927 1693 liciti
964 1654 1025 1694 vel
1060 1653 1201 1694 illiciti.
1247 1653 1497 1693 SEAGER.
1529 1654 1654 1693 Βίαν.

139 1707 300 1748 Classic.
322 1709 391 1762 58.
417 1723 457 1762 p.
480 1710 576 1761 362.

194 1765 289 1818 645,
318 1778 379 1814 14.
401 1764 709 1814 τέταρτον-ἐπὶ
731 1765 979 1819 Πρυτανείῳ]
1004 1764 1121 1806 Citat
1141 1765 1182 1805 h.
1205 1765 1230 1805 l.
1255 1765 1541 1818 Harpocratio
1564 1779 1594 1805 8.
1618 1780 1654 1805 ν.

136 1820 199 1859 ἐπὶ
224 1822 456 1873 πρυτανείῳ.
488 1820 682 1859 REISK.

193 1877 291 1930 6-,15,
317 1889 382 1918 22.
415 1879 460 1931 τῇ
493 1877 607 1929 τύχῃ]
650 1876 754 1916 Dele
789 1876 864 1916 has
900 1875 1166 1916 inconcinnas
1200 1877 1378 1925 voculas,
1413 1891 1516 1929 quas
1553 1876 1655 1916 nihil

134 1931 247 1971 aliud
274 1946 363 1972 esse
386 1932 529 1986 judico
556 1936 724 1985 praeter
753 1932 1023 1986 marginalem
1053 1933 1235 1987 glossam
1266 1932 1386 1972 istius
1416 1932 1649 1981 locutionis,

135 2002 240 2041 quae
271 1988 396 2042 paulo
421 1992 519 2028 ante
550 1988 732 2028 occurrit
763 2003 799 2027 v.
824 2000 903 2036 21„
937 1990 1006 2028 ἐὰν
1036 1991 1146 2043 τύχῃ.
1181 1988 1440 2028 TAYLOR.
1481 1992 1525 2038 τῇ
1558 1991 1654 2041 τύχῃ

135 2043 279 2084 volunt
307 2058 559 2098 expungere,
581 2044 777 2097 quoniam
803 2046 872 2083 ἐὰν
900 2045 995 2096 τύχῃ
1023 2044 1263 2098 praecessit.
1326 2044 1407 2084 Sed
1428 2045 1533 2084 bene
1561 2059 1656 2084 con—

135 2104 248 2140 stare
280 2100 349 2140 illa
382 2101 463 2140 duo
495 2114 649 2150 86611111,
680 2100 713 2139 81
746 2099 845 2153 quid
877 2100 1008 2149 video,
1041 2105 1230 2154 possunt.
1271 2101 1393 2139 multo
1423 2101 1550 2154 mayis
1580 2101 1656 2141 erit

135 2156 304 2209 impium
326 2162 441 2210 atque
468 2156 674 2203 scelestum,
696 2156 851 2196 indicta
877 2170 1029 2204 caussa,
1052 2163 1184 2196 tamen
1211 2155 1402 2209 rapiendi
1417 2156 1657 2209 fizcultatem

136 2213 196 2252 rei
222 2213 329 2260 dare,
358 2213 450 2265 ejas,
478 2212 548 2265 qui
567 2212 807 2264 fortassean,
836 2212 872 2251 si
897 2213 955 2252 ita
975 2213 1068 2266 fhrs
1084 2213 1213 2265 ferat,
1241 2213 1372 2252 insons
1400 2213 1464 2259 sit,
1494 2218 1564 2252 aut
1577 2214 1657 2265 fac

134 2274 279 2308 sontem
309 2282 395 2316 esse,
425 2268 532 2308 homo
562 2275 692 2308 tamen
722 2274 819 2307 certe
848 2275 905 2308 est
935 2269 1203 2321 communique
1233 2267 1431 2307 nobiscum
1460 2268 1657 2308 saumana&

135 2331 307 2364 naturam
332 2331 431 2364 sorte
458 2338 549 2363 usus
578 2330 629 2363 est
650 2338 739 2377 per
755 2326 1015 2376 fortunam.
1078 2324 1228 2363 Potest
1249 2323 1327 2362 hoc
1340 2324 1654 2376 perfbrtuuam,

136 2382 182 2434 τῇ
204 2381 311 2432 τύχῃ,
334 2380 566 2433 significare
586 2384 661 2419 aut
685 2379 872 2418 nascendi
899 2386 997 2419 sorte
1016 2384 1091 2419 aut
1110 2394 1188 2433 per
1215 2379 1323 2418 illud
1336 2380 1507 2432 silemus
1528 2380 1656 2432 ‘infor-

137 2438 351 2475 tunium-e.
413 2436 657 2475 Humanum
684 2434 791 2474 enim
825 2439 889 2474 est
916 2435 1124 2474 hominem
1156 2434 1356 2481 occidere,
1386 2435 1655 2487 hominesque

136 2491 240 2531 alios
275 2492 330 2531 ab
365 2491 457 2531 aliis
492 2491 580 2531 tolli
623 2505 694 2530 8611
730 2491 876 2530 fraude
913 2505 985 2530 seu
1021 2491 1195 2530 fortuito
1231 2490 1417 2529 videmus
1453 2490 1653 2543 quotidie.

138 2546 332 2588 REISK.
394 2547 489 2587 Non
523 2547 759 2600 persuadet.
823 2546 942 2597 Quod
980 2547 1090 2586 enim
1124 2545 1300 2586 fortuito
1338 2549 1401 2600 (τῇ
1438 2547 1555 2599 τύχῃ)
1593 2547 1654 2595 fit,

137 2617 220 2642 non
255 2603 305 2643 fit
337 2603 582 2643 necessario.
645 2601 779 2654 Atqui
815 2602 1001 2641 homines
1037 2603 1211 2642 eandem
1243 2601 1354 2641 inter
1384 2616 1427 2640 se
1458 2606 1655 2641 naturam

138 2659 371 2699 necessario
391 2658 658 2712 participant.
722 2658 871 2710 Itaque
893 2658 1100 2698 assentior
1121 2657 1299 2710 Tayloro
1322 2657 1542 2696 delendum
1564 2671 1656 2697 cen-

138 2715 247 2755 senti
279 2718 322 2770 τῇ
354 2717 462 2769 τύχῃ.
526 2713 615 2753 Nisi
646 2714 754 2753 forte
785 2713 1048 2753 scribendum
1079 2713 1134 2753 sit
1164 2714 1209 2768 τῇ
1239 2714 1363 2765 ψυχῇ.
1406 2712 1655 2753 SOHAEF.

141 2771 250 2810 Mihi
271 2775 384 2811 recte
399 2770 609 2824 judicasse
631 2769 796 2809 videtur
819 2769 1033 2822 Taylorus.

197 2828 295 2880 645,
321 2839 385 2880 25.
409 2825 466 2866 ἔτι
486 2827 616 2866 τοίνυν
644 2825 820 2875 πέμπτον
842 2828 938 2877 ete]
967 2825 1083 2864 Citat
1104 2824 1143 2864 h.
1166 2824 1191 2864 l.
1216 2823 1528 2877 Harpocration
1549 2837 1588 2862 v.
1612 2824 1656 2863 ἐν

139 2886 344 2933 Φρεαττοῖ.
382 2881 574 2921 REISK.
640 2881 748 2921 Item
770 2879 953 2934 Etymol.
981 2881 1041 2920 M.
1064 2895 1101 2934 p.
1125 2894 1222 2934 344.
1244 2886 1446 2934 tanquam
1471 2892 1522 2919 ex
1544 2882 1654 2919 orat.

140 2952 174 2977 c.
200 2937 423 2992 Aristogit.
458 2936 710 2978 SCHAEF.
