1997 3256
714 147 796 187 DE
829 146 1102 187 LEGIBUS.
1579 145 1664 189 967

213 254 334 306 Quod
353 253 561 294 rationem
585 252 751 301 attinet,
775 267 880 306 quae
910 251 1064 292 homini
1094 251 1257 305 privato
1287 251 1341 291 ad
1371 250 1503 303 legem
1530 250 1662 289 feren-

152 311 250 351 dam
271 315 314 351 et
334 310 619 364 abrogandam
650 310 829 349 ineunda
853 314 960 356 erat,
982 309 1068 360 ipse
1089 312 1232 347 orator
1252 307 1293 346 in
1316 306 1523 360 Leptinea
1547 305 1662 355 (locis

153 380 193 420 3.
216 370 254 407 A
278 371 406 421 atque
431 379 472 420 3.
495 366 570 419 B.)
598 381 621 406 a
657 366 807 406 Solone
841 365 1141 418 praescriptam
1177 378 1268 403 eam
1302 363 1427 402 fuisse
1462 362 1661 402 declarat.

153 423 262 463 Tum
282 427 424 463 autem
449 423 580 477 legem
603 437 766 476 quoque
787 422 876 461 loco
897 435 923 469 4
945 421 1130 468 citatam,
1153 420 1303 473 quippe
1331 419 1476 458 eadem
1507 418 1662 471 capita,

151 493 259 533 quae
280 479 392 518 locus
413 492 452 532 3.
474 482 531 527 A,
553 479 836 518 continentem
859 477 1020 517 Solonis
1040 476 1166 516 fuisse
1187 475 1412 515 concedere
1434 479 1615 528 oportet.

210 535 382 576 Ceteras
412 541 554 576 autem
585 535 707 589 leges,
731 548 832 588 quas
865 533 1053 585 colligere
1082 532 1214 586 possis
1240 546 1261 571 e
1286 531 1384 570 locis
1409 545 1440 578 1,
1466 543 1501 580 2,
1518 542 1559 584 5,
1583 531 1658 571 So-

151 591 292 631 loneas
315 606 403 631 esse
429 592 517 645 jam
541 591 636 631 inde
658 596 817 631 eertum
840 595 881 630 et
903 589 1168 628 manifestum
1190 592 1312 635 essct,
1337 587 1447 640 quod
1469 602 1561 626 cum
1584 586 1660 625 illis

151 662 234 687 uno
267 652 410 688 tenore
443 648 548 688 aliae
586 647 905 687 constitutiones
942 645 1189 697 conjunctae
1222 648 1330 689 sunt,
1364 657 1467 696 quas
1500 642 1662 682 Solonis

149 718 241 744 esse
271 705 357 758 jam
394 708 574 752 constat,
607 703 683 742 nisi
720 703 920 757 originem
955 701 1106 740 clarius
1142 700 1270 740 etiam
1305 699 1386 739 alia
1422 698 1663 738 testimonia

150 760 362 800 docerent.
426 760 532 800 Nam
565 774 687 814 quem
717 759 843 799 alium
873 772 921 798 ac
953 758 1146 797 Solonem
1178 755 1482 795 Demosthenes
1512 755 1661 808 legum,

149 817 240 857 loco
263 830 295 865 1,
325 819 403 868 706
434 831 493 869 sq.
527 816 824 870 expositarum,
856 815 907 854 de
938 813 1089 867 quibus
1123 813 1269 852 “08700
1304 812 1446 853 πάντες
1481 812 1518 850 οἱ
1553 811 1664 861 νόμοι

152 877 298 913 κεῖνται
327 874 454 913 πολὺν
477 873 547 922 ἤδη
577 872 747 924 χρόνον”
767 871 960 916 affirmat,
992 874 1206 909 auctorem
1237 869 1404 915 faceret,
1438 871 1512 907 aut
1540 881 1663 920 quem

148 929 277 969 alium
298 929 445 969 harum
465 929 601 983 legum
622 932 836 968 auctorem
858 926 1088 967 Aeschines
1110 925 1152 964 in
1174 925 1472 978 Ctesiphontea
1497 923 1662 963 nomine

149 985 379 1025 conditoris
400 988 465 1034 τῆς
492 987 744 1036 δημοκρατίας
765 984 973 1024 celebrare
1001 982 1208 1036 potuisset
1222 981 1246 1029 s,
1269 995 1317 1021 ac
1344 981 1468 1029 illum,
1492 979 1560 1033 qui
1582 979 1664 1033 pri-

149 1055 242 1081 mus
273 1041 570 1081 auctoritatem
604 1041 744 1095 populi
780 1040 939 1095 legibus
977 1038 1164 1087 sancivit,
1196 1038 1372 1092 jureque
1408 1037 1459 1077 de
1495 1051 1538 1076 se
1573 1036 1662 1090 ipse

148 1112 298 1138 canere
318 1102 489 1151 poterat
506 1113 514 1137 :

342 1181 462 1236 Δήμῳ
482 1182 555 1230 μὲν
577 1182 651 1232 γὰρ
673 1180 795 1219 ἔδωκα
815 1179 934 1218 τόσον
953 1177 1103 1229 κράτος,
1125 1178 1250 1217 ὅσσον
1272 1178 1429 1228 ἐπαρκεῖ
1440 1183 1469 1216 g.

208 1271 328 1311 Inter
357 1271 468 1325 leges
498 1270 695 1310 Soloneas
727 1269 778 1308 de
809 1267 969 1322 legibus
1000 1266 1178 1307 ferendis
1210 1266 1336 1306 etiam
1368 1280 1417 1305 ea
1447 1264 1664 1305 referenda

149 1331 226 1375 est,
251 1342 333 1381 qua
355 1332 524 1368 cautum
552 1331 644 1367 erat
671 1341 722 1366 ne
746 1326 813 1365 lex
834 1325 968 1371 fieret,
991 1338 1096 1377 quae
1124 1337 1207 1362 non
1232 1323 1285 1362 ad
1315 1336 1456 1361 omnes
1484 1320 1665 1374 aequali-

149 1388 216 1424 ter
236 1384 491 1438 pertineret3
526 1388 617 1424 tum
638 1387 805 1423 tantum
824 1381 956 1435 legem
978 1380 1029 1419 de
1051 1393 1133 1419 uno
1155 1379 1320 1418 homine
1349 1378 1446 1417 ferri
1477 1377 1604 1426 licuit,
1629 1377 1663 1416 si

148 1441 205 1480 ad
243 1440 458 1480 minimum
498 1439 682 1479 sexcenti
719 1438 827 1478 cives
868 1435 1038 1477 secretis
1079 1435 1284 1490 suffragiis
1324 1435 1366 1474 id
1402 1434 1663 1475 statuissent„

150 1496 367 1537 Exhibent
386 1496 488 1551 legis
508 1496 630 1550 hujus
652 1496 779 1535 verba
796 1510 803 1533 :

505 1603 538 1642 I.
569 1601 810 1642 Andocides
829 1601 880 1640 de
901 1604 1069 1654 myster.
1093 1612 1162 1650 42,
1183 1612 1309 1652 4—9.

208 1682 320 1731 Μηδὲ
349 1680 407 1721 ἐπ’
429 1680 538 1732 ἀνδρὶ
570 1680 690 1730 νόμον
713 1681 855 1729 ἐξεῖναι
884 1682 1020 1723 θεῖναι,
1046 1679 1115 1717 ἐὰν
1139 1677 1190 1727 μὴ
1221 1677 1290 1717 τὸν
1312 1677 1429 1717 αὐτὸν
1451 1676 1513 1717 ἐπὶ
1544 1679 1666 1716 πᾶσιν

150 1739 386 1788 Ἀθηναίοις,
410 1738 479 1777 ἐὰν
499 1737 550 1787 μὴ
572 1736 850 1788 ἑξακισχιλίοις
871 1736 960 1788 δόξῃ
983 1735 1151 1786 κρύβδην
1172 1733 1465 1786 ψηφιζομένοις.

419 1843 478 1883 II.
511 1842 820 1882 Demosthenes
842 1841 884 1880 in
906 1840 1214 1880 Aristocraten]
1237 1841 1332 1893 649,
1356 1853 1396 1893 3.

208 1925 417 1963 ΝΟΜΟΣ.
460 1922 572 1971 Μηδὲ
604 1922 724 1970 νόμον
745 1921 888 1969 ἐξεῖναι
916 1917 971 1958 ἐπ’
991 1919 1101 1969 ἀνδρὶ
1130 1921 1267 1966 θεῖναι,
1291 1919 1360 1957 ἐὰν
1379 1918 1430 1968 μὴ
1457 1917 1526 1957 τὸν
1549 1915 1667 1956 αὐτὸν

151 1981 214 2020 ἐπὶ
249 1982 370 2019 πᾶσιν
389 1977 610 2027 Ἀθηναίοις
639 1979 737 2030 τιθῇ,
770 1974 1062 2027 ψηφισαμένων
1091 1975 1142 2025 μὴ
1179 1975 1344 2014 ἔλαττον
1376 1974 1664 2026 ἑξακισχιλίων,

148 2037 206 2078 οἶς
227 2036 276 2076 ἂν
297 2036 386 2085 δόξῃ
409 2035 577 2085 κρύβδην
598 2032 892 2085 ψηφιζομένοις.

424 2140 508 2180 III.
542 2138 847 2179 Demosthenes
868 2137 910 2178 in
934 2137 1215 2177 Timocratem
1239 2148 1332 2191 719,
1354 2149 1394 2189 3.

207 2223 417 2260 NOMOE.
458 2220 569 2269 Μηδὲ
595 2219 715 2268 νόμον
738 2219 881 2267 ἐξεῖναι
910 2215 968 2256 ἐπ’
991 2216 1100 2264 ἀνδρὶ
1131 2219 1267 2261 θεῖναι,
1293 2216 1363 2254 ἐὰν
1383 2214 1433 2265 μὴ
1459 2213 1528 2253 τὸν
1549 2211 1667 2253 αὐτὸν

150 2276 212 2316 ἐπὶ
231 2275 587 2324 πᾶσινἈθηναίοις
608 2274 707 2328 τιθῇ,
729 2272 1023 2324 ψηφισαμένων
1042 2273 1093 2322 μὴ
1115 2272 1279 2311 ἔλαττον
1302 2269 1592 2322 ἑξακισχιλίων,
1610 2269 1666 2311 οἷς

150 2333 200 2373 ἂν
222 2334 311 2383 δόξῃ
334 2333 503 2384 κρύβδην
523 2329 804 2383 ψηφιζομένοις
818 2329 848 2369 ³¹.

381 2436 459 2477 IV.
493 2436 798 2476 Demosthenes
820 2434 862 2474 in
885 2434 1145 2488 Stephanum
1168 2445 1204 2480 2,
1224 2446 1239 2471 1
1254 2444 1345 2487 132,
1372 2444 1435 2470 21.

208 2517 339 2557 Ἀλλὰ
361 2515 437 2566 μὴν
459 2516 498 2554 οἵ
521 2531 567 2566 γε
596 2515 705 2564 νόμοι
730 2514 1019 2564 ἄθταγορεύουσι
1045 2512 1140 2561 μηδὲ
1169 2509 1290 2560 νόμον
1312 2508 1366 2549 ἐπ’
1387 2507 1496 2559 ἀνδρὶ
1521 2505 1667 2557 ἐξεῖναι

151 2579 291 2622 θεῖναι,
315 2572 362 2612 ἂν
381 2572 433 2622 μὴ
453 2571 521 2611 τὸν
543 2570 660 2610 αὐτὸν
682 2569 742 2621 ἐφ’
761 2570 908 2609 ἅπασιν
923 2567 1157 2616 Ἀθηναίοις.

202 2756 215 2780 f
236 2765 310 2796 429,
328 2764 374 2791 17.
405 2756 425 2772 “
440 2757 522 2784 Οὔτε
545 2753 700 2791 ἠμέληται
723 2754 791 2793 περὶ
815 2754 876 2783 τῶν
987 2757 1004 2779 g
1030 2751 1078 2781 Cf.
1098 2749 1183 2779 Plnt.
1202 2749 1257 2778 vit.
1276 2747 1336 2777 Sol.
1355 2757 1422 2785 cap.
1440 2745 1487 2776 16.

152 2797 301 2829 τοιούτων
315 2800 360 2836 τῷ
376 2795 525 2836 νομοθέτῃ
542 2799 586 2836 τῷ
607 2796 676 2833 τὴν
698 2799 877 2836 δημοκρα-
987 2793 1005 2816 h
1032 2794 1096 2832 [De
1111 2793 1169 2822 hoc
1185 2792 1250 2821 loco
1267 2800 1345 2830 quae
1361 2789 1442 2819 dixit
1458 2787 1666 2827 Schellingius

153 2840 238 2871 τίαν
257 2840 526 2877 καταστήσαντι.”
944 2848 974 2866 v.
991 2837 1025 2866 in
1043 2843 1150 2866 annot.
1169 2835 1207 2864 ad
1224 2845 1253 2874 p.
1273 2841 1343 2872 719,
1358 2832 1402 2870 6.]
