1997 3256
407 167 468 207 IN
500 167 859 207 ORATIONEM
897 167 1268 208 LEPTINEAM.
1531 165 1597 205 ’27

81 285 156 326 per
190 271 424 312 orationem
461 276 648 312 nostram
685 282 873 325 spalsa⁷.
936 274 1183 324 Quanquam
1219 286 1244 311 a
1278 269 1452 317 nemine,
1486 269 1691 322 quodlssil

83 327 224 375 sciam,
248 326 445 367 disertius
469 327 673 380 ploditur,
698 343 778 381 quo
800 329 923 367 niodo
945 333 1122 380 utraque
1145 326 1288 367 classis
1317 301 1565 365 hominum
1556 340 1597 364 m

83 397 131 422 eo
155 383 324 446 negotio
347 397 417 422 ver
418 391 495 423 sat·
487 399 511 423 ιι
540 383 606 431 sit,
631 389 673 423 et
695 399 777 437 qua
806 384 973 423 tandem
1007 398 1050 422 re
1082 383 1242 422 illounn
1263 381 1497 421 functiones
1519 381 1598 420 dis-

86 438 299 502 crepaiint
320 453 345 478 a
367 438 528 479 civium.
593 416 700 478 illud
725 447 766 479 t1
768 440 928 480 aditum
950 439 1029 478 vidi
1051 454 1076 478 a
1099 438 1269 478 (flamm
1273 437 1384 478 atico
1405 437 1597 490 quodam,

84 495 175 534 unis
199 494 378 534 Lenaeis
408 497 608 544 μετοίκους
635 495 747 535 chon
736 496 831 549 agia
855 496 1020 534 iunctos
1042 508 1144 541 esse,
1168 508 1242 533 nec
1273 493 1408 532 minus
1433 498 1600 533 actores

85 564 137 590 ex
153 564 326 603 corpore
347 564 661 604 pe1e0111101um
684 551 725 590 in
748 551 816 590 illa
837 550 1086 590 solennitate
1104 563 1269 588 scenam
1285 548 1460 588 adiisse²¹
1464 549 1600 601 ,quod

82 606 200 655 alias,
229 605 473 646 nominatim
512 606 645 660 Dion)
650 607 719 645 siis
756 606 937 652 urbanis,
974 620 1057 644 non
1092 605 1256 644 licuisse
1292 604 1455 643 scimus.
1518 604 1695 644 Sed103

85 662 187 702 haee
223 662 429 702 sufficiant
461 662 502 700 in
534 663 669 704 rebus
703 663 753 702 de
784 662 933 716 quibus
959 675 1040 701 non
1073 660 1223 708 onmia,
1247 674 1353 713 quae
1385 659 1601 713 exqui1··e10

84 717 224 766 libeat,
247 722 363 758 cerm
384 718 639 758 auctoiitate
662 724 777 758 xetel
780 732 848 757 um
870 717 1014 770 explor
1015 716 1076 756 ιιιί
1098 721 1316 778 possunt..
1289 716 1305 738 ¹³

142 773 201 813 Et
225 773 463 813 addendum
490 780 553 814 est
581 774 736 826 aliquid
768 774 819 813 de
846 772 1062 813 antidosiC.
1127 772 1189 811 Ne
1217 771 1308 824 quis
1338 771 1448 811 enim
1480 786 1601 810 excu-

84 828 248 869 satione
269 829 491 869 tenuitatis
516 844 619 869 onus
648 844 767 869 suum
790 830 986 882 defugere
1010 832 1164 881 posset,
1188 842 1289 867 neve
1311 827 1352 866 id
1379 827 1599 874 accideret,

84 889 143 933 ut,
181 885 250 938 qui
286 884 465 939 cuipiam
506 900 557 925 ex
592 885 815 925 tribulibus
851 881 1064 939 negotium
1099 885 1302 924 facessere
1337 898 1512 936 eumque
1547 884 1696 923 ade4·

82 946 377 994 paupertatem
405 941 593 995 redigere
621 941 754 987 vellet,
782 941 918 980 minus
945 940 1187 993 opulentum
1217 939 1415 994 suffragio
1446 954 1521 979 suo
1547 940 1601 979 ad

84 996 338 1051 choragiam,
374 996 663 1037 trierarchiam
698 1003 771 1037 aut
805 996 919 1037 aliud
952 996 1073 1049 quid‘¹
1108 996 1376 1049 designaret;
1410 1010 1601 1049 prospec-

83 1057 175 1092 tum
210 1058 303 1092 erat
336 1053 465 1092 veteri
502 1053 591 1107 lege
626 1055 713 1103 περὶ
749 1057 824 1092 τῶν
861 1054 1111 1100 ἀντιδόσεων,
1150 1053 1267 1105 cujus
1302 1052 1601 1092 auctoritatem

83 1108 138 1148 ad
167 1108 359 1148 Solonem
387 1109 586 1149 referunt.
649 1109 732 1149 Res
761 1109 934 1149 ridicula
962 1115 1017 1157 et,
1042 1114 1089 1148 ut
1115 1123 1256 1148 verum
1285 1108 1483 1155 dicamus,
1508 1109 1600 1147 sub-

83 1165 280 1204 absurda.
342 1164 450 1205 Nam
487 1165 535 1213 is,
571 1165 639 1218 qui
677 1165 918 1219 designatus
959 1170 1062 1211 erat,
1098 1164 1131 1203 si
1169 1179 1292 1219 quem
1327 1165 1602 1218 praeteritum

85 1234 174 1260 esse
207 1220 510 1274 opulentiorem
542 1222 734 1274 putabat.
767 1226 951 1275 poterat,
984 1235 1270 1275 quemcunque
1306 1220 1439 1268 vellet,
1473 1221 1602 1259 nomi-

83 1290 197 1324 nare,
223 1277 276 1317 ab
305 1291 437 1330 eoque
465 1283 619 1331 petere,
642 1283 689 1317 ut
717 1283 792 1317 aut
821 1277 908 1330 ipse
936 1291 1086 1316 munus
1114 1277 1332 1330 reciperet,
1360 1281 1435 1316 aut
1463 1291 1601 1316 secum

82 1332 304 1373 facultates
336 1338 608 1387 permutaret.
670 1334 740 1373 Ita
772 1333 1010 1373 nominatus
1041 1333 1291 1373 alterutrum
1321 1333 1456 1372 faeere
1485 1346 1602 1386 coge-

83 1389 223 1428 batur.
285 1389 328 1428 Si
351 1389 618 1430 detrectabat
643 1404 805 1437 munus,
828 1403 1059 1442 pel-negans
1082 1403 1124 1428 se
1146 1388 1341 1429 ditiorem
1362 1402 1464 1435 esse,
1486 1388 1599 1428 aedi-

85 1444 163 1484 bus
191 1450 235 1485 et
266 1445 456 1485 omnibus
484 1447 608 1486 rebus
637 1446 725 1499 ejus
756 1445 933 1499 sigillum
965 1445 1271 1498 imponebatur,
1298 1458 1349 1483 ne
1378 1444 1478 1496 quid
1508 1443 1603 1483 inde

82 1500 164 1540 alio
194 1506 419 1554 exportare
449 1506 602 1555 posset.
665 1502 773 1541 Tum
800 1501 925 1541 ambo
953 1500 1183 1555 litigantes,
1214 1499 1463 1553 interposito
1487 1499 1599 1551 jure-

76 1557 269 1610 jurando,
302 1557 411 1598 bona
443 1572 518 1598 sua
554 1558 704 1607 omnia,
737 1563 1032 1611 praeterquam
1063 1571 1124 1603 ea,
1158 1570 1265 1609 quae
1297 1556 1337 1594 in
1374 1555 1601 1609 argentifo-

127 1719 142 1736 Ζ
160 1714 242 1744 Vide
265 1713 342 1743 mihi
366 1715 458 1743 modo
479 1714 594 1744 diserta
612 1716 725 1744 verba:
750 1713 808 1743 εἰσὶ

84 1755 144 1795 ’γὰρ
157 1755 253 1791 δήπου
265 1757 334 1794 παρ’
347 1755 418 1792 ἡμῖν
431 1756 463 1786 αἵ
474 1768 509 1785 τε
521 1758 582 1786 τῶν
596 1756 747 1793 μετοίκων
760 1757 809 1786 καὶ

85 1798 276 1838 λειτουργίαι
296 1799 326 1828 αἱ
342 1798 499 1828 πολιτικαί
520 1809 546 1837 p.
567 1799 636 1836 462.
657 1810 728 1828 cum
746 1810 807 1837 seq.

877 1714 988 1743 mosth.
1004 1724 1032 1751 p.
1045 1714 1116 1749 463.
1129 1712 1209 1741 dixit
1222 1713 1260 1742 de
1276 1711 1317 1741 60
1333 1711 1522 1747 hominibus,
1536 1712 1602 1750 qui-'-

877 1757 935 1785 bus
951 1766 1028 1794 opus
1045 1763 1124 1784 esset
1141 1754 1310 1793 quotannis
1326 1754 1364 1782 ad
1378 1754 1516 1793 encyclia
1534 1765 1602 1783 ιιιιι-

878 1808 954 1828 nera
1011 1798 1131 1833 Quidni
1157 1804 1262 1826 tamen
1287 1796 1343 1834 ipsi
1362 1796 1409 1825 vel
1434 1796 1489 1825 uni
1514 1797 1545 1825 in
1566 1807 1603 1825 eo

84 1848 116 1871 et
130 1849 240 1880 p.473.
270 1841 307 1870 111
323 1841 476 1879 prioribus
487 1852 561 1871 vero
573 1843 751 1879 putandum
765 1848 812 1871 est

86 1893 200 1913 nomen
222 1882 374 1920 μετοίκων
390 1883 546 1921 pertinere
569 1884 663 1914 etiam
688 1885 726 1912 ad
748 1883 811 1913 ἰσο-

85 1926 200 1955 τελεΐς.
247 1926 413 1955 Praeterea
437 1925 500 1954 huc
519 1926 600 1955 refer
616 1926 810 1964 praeclarum

86 1967 189 1998 locum
214 1967 329 2007 Lysiae
349 1967 407 1997 Or.
426 1969 458 1996 in
484 1968 645 1997 Eratosth.
671 1979 699 2007 p.
725 1968 810 2006 396„

86 2020 181 2048 quam
212 2009 264 2039 ille
293 2010 466 2039 orationem
505 2010 628 2047 habuit,
657 2011 702 2039 uti
743 2020 812 2039 inea

86 2052 148 2082 fert
163 2053 354 2090 conjectura,
372 2052 476 2090 paullo
498 2059 576 2090 post,
596 2063 689 2091 quam
707 2051 810 2081 ἰσοτε-

87 2094 146 2130 λὴς
172 2095 274 2124 factus
301 2102 378 2124 erat.
429 2095 464 2123 ln
496 2105 532 2124 eo
563 2095 662 2133 igitur
688 2095 754 2123 loco
781 2105 813 2124 se

86 2136 232 2172 μέτοικον
270 2136 424 2175 gloriatur
466 2137 613 2166 omnibus
657 2137 812 2175 choragiis

89 2179 234 2208 functum
270 2185 301 2208 et
331 2188 423 2217 saepe
454 2178 600 2217 εἷο-φορὰς
633 2179 811 2208 contulisse.

89 2221 202 2250 Minus
218 2228 340 2250 certum
361 2228 407 2250 est
430 2220 507 2250 illud
528 2221 604 2251 Isaei
621 2222 660 2250 de
677 2221 812 2260 Cleony-

87 2273 150 2299 mo,
171 2263 324 2299 Cretensi,
348 2263 380 2291 in
401 2263 458 2292 Or.
475 2264 513 2293 de
538 2264 682 2302 Dicaeog.
706 2264 812 2293 hered.

86 2315 118 2344 p.
136 2314 206 2334 111.
257 2305 331 2334 Non
362 2305 454 2344 longe
478 2312 584 2335 tamen
616 2306 712 2343 abest,
736 2305 813 2344 quin

88 2347 184 2386 priori
201 2346 280 2385 parti
296 2347 486 2377 Reiskianae
503 2355 596 2377 notae
610 2349 812 2377 subscribam.

133 2396 149 2413 a
166 2389 240 2418 Vid.
255 2389 356 2418 Schol.
372 2391 411 2418 ad
425 2390 584 2429 Aris-toph.
602 2390 685 2419 Plut.
698 2401 727 2417 v.
740 2398 813 2427 054.

88 2438 119 2462 et
136 2431 176 2460 ibi
196 2431 416 2461 Hemsterhus.
432 2432 464 2460 in
481 2432 572 2461 Notis
589 2443 617 2470 p.
632 2441 705 2469 334.
745 2432 813 2461 Etsi

88 2484 152 2503 non
171 2473 297 2503 videtur
313 2473 390 2502 mihi
408 2475 456 2502 vir
472 2484 607 2513 magnus
624 2481 690 2504 tum
709 2484 814 2503 recens

88 2516 183 2545 fuisse
205 2516 244 2544 ab
267 2522 426 2544 oratorum
449 2516 642 2545 Graecorum
671 2516 812 2553 lectione,

88 2568 188 2596 quum
210 2558 270 2587 ista
293 2557 451 2587 scriberet.
499 2558 622 2587 Scholio
638 2558 714 2587 fides
731 2567 814 2587 acce·

88 2600 136 2630 dit
151 2610 190 2629 ex
205 2601 350 2638 eo,'quod
369 2600 400 2628 iu
419 2607 526 2629 nostra
541 2601 683 2630 oratione
698 2600 814 2637 legitur

88 2643 127 2671 de
140 2642 325 2671 muneribus
337 2649 368 2671 et
381 2642 638 2671 innnunitatibus
651 2640 813 2678 μετοίκων.

89 2685 139 2714 Ac
155 2684 179 2713 si
197 2683 330 2722 populus
348 2684 468 2713 Athen.
486 2684 553 2713 illos
570 2684 724 2718 homines,
744 2683 813 2721 qni-

89 2726 148 2755 bus
167 2725 244 2755 alias
267 2736 378 2764 parum
404 2726 531 2755 honoris
548 2727 717 2759 tribuebat,
736 2736 812 2764 qua-

89 2769 163 2797 dam
186 2768 219 2796 in
243 2778 276 2797 re
299 2768 344 2797 ita
367 2768 545 2806 honoravit,
561 2776 598 2798 ut
618 2778 726 2798 eorum
745 2777 815 2796 cru-

90 2820 217 2840 menam
249 2810 305 2839 sibi
341 2810 456 2839 faceret
490 2811 703 2846 tributariam,
736 2808 814 2837 nibil

91 2852 230 2891 profecto
253 2851 393 2882 alienum
417 2853 455 2881 ab
480 2853 607 2891 ingenio
630 2863 686 2882 suo
709 2852 816 2881 fecisse

93 2894 192 2924 videri
209 2894 310 2923 debet.

136 2935 150 2955 ἲ)
175 2936 225 2965 Ex
240 2935 298 2965 hoc
313 2946 427 2974 genere
443 2943 473 2966 et
490 2936 566 2965 illud
584 2944 640 2972 est,
655 2936 736 2974 quod
756 2934 818 2963 De-

879 1841 972 1870 fidem
990 1840 1187 1869 habeamus?
1227 1839 1343 1867 Putida
1358 1844 1404 1868 est
1419 1845 1451 1868 et
1467 1838 1602 1867 nimium

879 1892 973 1921 quain
998 1882 1104 1929 inepta
1129 1881 1222 1911 Petiti
1247 1881 1424 1910 emendatio
1442 1880 1507 1909 LL.
1525 1881 1600 1909 ΛΑ.

879 1935 908 1964 p.
933 1932 993 1962 372
1000 1946 1006 1952 .
1035 1925 1067 1952 in
1097 1924 1167 1959 illis,
1193 1922 1343 1960 ἑξήκοντα
1365 1923 1439 1952 ἴσως
1461 1922 1479 1958 ἢ
1506 1924 1603 1960 μικρῷ

877 1967 1002 1996 πλείους
1021 1966 1197 2001 σύμπαντες
1214 1963 1309 1994 οὑτοι.
1356 1964 1488 1994 Oce-urii
1512 1975 1601 2003 piae-

879 2009 971 2056 cipuo
994 2009 1090 2037 errvri
1116 2008 1253 2036 hominis
1276 2007 1309 2036 in
1334 2014 1408 2036 nota
1424 2008 1461 2035 ad
1481 2018 1508 2045 p.
1527 2008 1600 2045 463,

886 2051 1058 2088 16.,·1ps2n1
1076 2051 1288 2088 conjecturam
1313 2059 1375 2078 non
1393 2049 1522 2087 dignam
1539 2060 1603 2079 nie-

880 2100 1004 2122 moratu
1021 2093 1108 2129 duxi,
1127 2101 1164 2121 ut
1180 2091 1294 2121 similes
1311 2091 1387 2120 alias
1403 2091 1547 2120 aliorum.

923 2139 938 2156 C
956 2134 1049 2164 Duae
1064 2140 1189 2164 exstant
1206 2134 1310 2163 Oratt.
1330 2133 1398 2172 περὶ
1418 2133 1603 2163 ἀντιδόσεως

881 2178 1058 2215 inscriptae,
1084 2187 1147 2206 una
1178 2177 1335 2211 Isocratis,
1360 2177 1542 2214 composita,
1568 2184 1603 2205 ut

880 2221 1001 2257 opinor,
1020 2219 1148 2258 Olymp.
1171 2218 1248 2255 106„
1263 2228 1362 2257 quum
1378 2228 1396 2246 a
1414 2218 1604 2257 Lysimacho

883 2262 1017 2300 quodam
1035 2262 1072 2290 ad
1096 2261 1253 2290 antidosin
1272 2267 1400 2289 vocatus
1418 2267 1494 2290 erat.
1544 2262 1602 2289 sed

882 2304 914 2332 in
932 2304 990 2333 hac
1011 2303 1130 2342 μελέτῃ
1151 2303 1241 2341 plura
1262 2302 1396 2341 reperias
1413 2303 1451 2331 de
1472 2303 1604 2331 oratoris

882 2346 947 2375 vita
972 2353 1003 2375 et
1030 2346 1154 2378 studiis,
1179 2355 1272 2383 quam
1301 2346 1340 2373 de
1367 2345 1513 2374 instituto
1541 2344 1601 2373 illo.

883 2388 995 2417 Altera
1016 2388 1099 2417 inter
1122 2386 1383 2416 Demosthenicas
1404 2386 1529 2425 legitur,
1551 2388 1603 2415 ad-

883 2440 992 2459 versus
1024 2430 1244 2468 Phaenippum
1280 2428 1397 2465 hahita,
1429 2439 1509 2467 quae
1539 2436 1604 2458 tota

885 2481 1026 2501 versatur
1042 2473 1075 2500 in
1097 2482 1132 2501 eo
1149 2471 1296 2500 instituto
1311 2477 1342 2500 et
1360 2472 1503 2509 jucunda
1522 2471 1603 2500 lectu

883 2521 939 2544 est.
987 2514 1127 2543 Verbum
1155 2513 1269 2551 proprii
1294 2523 1370 2541 usus
1393 2512 1443 2541 hic
1468 2514 1602 2547 notabis,

881 2556 1055 2585 ἀντιδοῦναι
1077 2554 1240 2589 ἀλλήλοις,
1266 2554 1320 2592 [V.
1341 2562 1404 2583 notv
1423 2555 1461 2582 ad
1482 2564 1509 2592 p.
1530 2554 1602 2593 469,

883 2608 911 2635 3.
929 2597 1181 2626 SCHAEFER.
1200 2597 1250 2626 De
1266 2596 1402 2625 antidosi
1420 2606 1448 2624 V.
1465 2596 1602 2625 Boeckh.

882 2642 999 2669 Uecon.
1017 2639 1137 2668 Athen.
1156 2638 1216 2667 vol.
1236 2648 1263 2666 τι.
1282 2648 1310 2675 p.
1333 2637 1522 2676 122—126.]

924 2679 941 2702 (ἲ
959 2681 1096 2710 Videtur
1117 2680 1267 2709 antidosis
1289 2679 1392 2709 locum
1408 2679 1555 2709 habuisse
1572 2680 1602 2708 in

882 2723 1029 2752 omnibus
1056 2722 1241 2751 muneribus
1269 2721 1448 2758 sumtuosis‚
1479 2732 1543 2750 non
1572 2723 1603 2751 in

883 2765 947 2794 sola
968 2764 1174 2797 trierarchiat,
1198 2774 1379 2802 quanquam
1403 2763 1436 2792 in
1460 2764 1519 2794 hac
1542 2774 1606 2794 cre-

883 2807 979 2843 brius,
1007 2816 1101 2845 quam
1131 2806 1215 2834 alibi.
1263 2805 1312 2835 De
1338 2805 1485 2844 choragia
1513 2812 1606 2836 testes

884 2856 959 2878 sunt
985 2848 1130 2887 Xenoph.
1156 2848 1274 2877 Oecon.
1299 2856 1326 2885 7,
1352 2857 1379 2885 3.
1410 2847 1522 2887 Lysias
1546 2848 1604 2877 Or.

888 2899 935 2927 24.
954 2902 982 2929 p.
1004 2898 1074 2929 745.
1112 2889 1275 2919 Demosth.
1296 2889 1421 2928 Leptin.
1440 2901 1468 2929 p.
1488 2890 1560 2929 496.

941 2990 963 3012 D
984 2976 1010 3012 2
