1997 3256
311 160 395 202 ⁸66
662 160 985 201 ADVERSUS
1019 159 1477 201 ANDROTIONEM.

373 268 469 315 604,
495 267 558 304 28.
583 266 644 305 ἐπὶ
666 269 745 307 τοῖς
767 266 949 318 ἰδιώταις]
976 266 1257 318 opponuntur
1281 269 1496 305 senatores
1517 264 1681 304 dicendi
1702 264 1828 304 rudes

313 321 576 362 senatoribus
598 321 761 361 dicendi
782 321 942 374 peritis,
963 325 1042 362 τοῖς
1063 321 1238 372 λέγουσι.
1292 321 1555 360 Vertendum
1581 321 1722 374 itaque
1743 336 1752 358 ε
1783 321 1828 361 in

305 384 495 431 potestate
529 383 749 417 senatorwn
790 391 933 425 eorum,
973 377 1040 430 qui
1082 377 1139 416 rei
1179 377 1376 416 oratoriae
1411 391 1567 430 operam
1603 390 1679 416 non
1713 376 1826 416 dant.

313 434 511 473 JURIN.
575 433 784 473 Dicuntur
816 435 960 473 ἰδιῶται
992 432 1069 486 ipsi
1102 439 1315 472 senatores
1347 432 1374 471 ii
1406 432 1475 485 qui
1507 433 1622 485 quasi
1653 432 1830 485 pedanei

314 504 398 529 non
433 490 623 530 solebant
658 490 713 529 ad
750 489 971 529 dicendum
1007 502 1207 541 surgere:
1252 487 1349 528 alibi
1387 490 1530 528 ἰδιῶται
1565 488 1829 529 senatoribus

314 552 595 599 opponuntur,
627 552 674 586 ut
703 545 921 586 Demosth.
945 545 996 584 de
1023 545 1050 584 f.
1076 545 1153 598 leg.
1180 559 1220 597 p.
1242 546 1338 596 346,
1365 544 1425 582 18.
1488 543 1532 583 Si
1561 545 1660 598 quid
1687 549 1830 584 autem

315 607 486 642 senatus
523 606 683 642 secreto
719 616 842 656 agere
878 601 1014 647 vellet,
1050 600 1091 639 hi
1129 603 1273 639 ἰδιῶται
1308 600 1586 640 arcebantur:
1628 615 1664 640 v.
1697 615 1755 640 or.
1788 600 1830 639 in

320 659 538 713 Aristogit.
569 659 601 698 I.
633 673 671 711 p.
698 660 792 710 776,
819 658 881 696 18.
918 658 968 697 cf.
992 656 1192 696 Aeschin.
1224 655 1265 694 111
1299 655 1484 709 ctesiph.
1516 671 1556 709 p.
1580 658 1691 710 516:
1725 656 1830 696 alias

314 714 444 768 igitur
464 715 611 755 adesse
633 714 681 753 iis
704 720 746 754 et
767 713 911 754 audire
931 713 1098 753 licebat.
1129 711 1524 752 SCHOEMANN.
1546 712 1695 765 Antiq.
1717 713 1829 765 publ.

313 785 354 824 p.
380 773 474 812 216.
528 770 643 811 Conf.
665 785 706 824 p.
730 774 825 820 601,
851 783 909 818 14.
945 768 1200 809 SCHAEF.

372 829 466 880 605,
490 841 529 880 3.
552 826 861 879 συνεστηκότων]
886 826 1165 874 συνεστηκότες
1186 828 1283 864 sunt
1313 823 1567 869 satellitium,
1592 824 1831 864 sodalitium

313 883 642 935 conspirantium
673 887 715 922 ct
743 882 854 922 velut
885 886 1006 921 coetu
1036 882 1147 921 facto
1179 880 1495 920 consistentium
1527 895 1609 920 uno
1637 880 1726 920 loco
1754 895 1831 933 pro

312 952 543 991 caussaquc
579 938 786 978 communi
821 937 1164 978 contendentium
1200 941 1240 977 et
1278 937 1395 977 unita
1431 951 1558 990 opera
1593 937 1830 977 nitentium.

313 994 509 1033 REISK.

371 1052 466 1104 605,
491 1052 530 1090 6.
552 1052 614 1089 διὰ
635 1049 772 1103 ταῦτα]
799 1049 853 1089 V.
875 1051 929 1090 ad
950 1065 990 1103 p.
1015 1051 1108 1103 685,
1137 1062 1199 1099 27.

370 1108 466 1159 605.
491 1106 527 1145 8.
552 1108 571 1145 ὁ
594 1105 872 1160 ἀντιγραφεύς]
898 1106 1011 1146 Citat
1037 1107 1246 1158 Harpocr.
1269 1120 1300 1145 s.
1323 1120 1360 1144 v.
1383 1106 1653 1157 ἀντιγραφεύς.
1700 1105 1830 1145 Intel-

311 1162 456 1215 ligitur
491 1163 510 1201 ὁ
548 1162 809 1213 ἀντιγραφεὺς
848 1165 914 1211 τῆς
948 1164 1108 1211 βουλῆς.
1145 1176 1272 1214 quare
1308 1161 1509 1201 articulus
1546 1161 1716 1201 additus
1752 1166 1828 1202 est.

315 1218 368 1257 V.
392 1218 575 1258 Boeckh.
600 1218 752 1258 Occon.
776 1218 934 1257 Athen.
956 1218 1034 1258 vol.
1066 1232 1095 1257 1.
1120 1232 1158 1271 p.
1184 1230 1259 1259 201
1285 1232 1344 1270 sq.
1395 1217 1667 1257 Schoemann.
1691 1217 1742 1257 de
1764 1232 1830 1258 co-

313 1274 404 1314 mit.
427 1274 531 1314 Ath.
554 1289 593 1328 p.
616 1287 712 1327 320.
746 1274 931 1314 FUNK.

370 1333 468 1384 605,
495 1344 559 1370 10.
593 1330 694 1382 ἐκεῖ]
736 1331 793 1370 Η.
822 1330 846 1369 l.
879 1344 953 1383 pro
989 1332 1089 1379 τότε,
1122 1336 1213 1369 tunc
1249 1329 1444 1383 temporis,
1481 1343 1592 1369 anno
1627 1329 1830 1383 superiori

313 1391 429 1439 puta,
453 1401 545 1426 cum
568 1385 809 1426 Androtion
830 1386 871 1425 in
894 1386 1009 1426 curia
1037 1391 1233 1440 regnaret
1256 1391 1298 1425 et
1326 1390 1496 1426 senatus
1517 1385 1583 1425 ille
1605 1385 1828 1434 obtineret,

313 1442 378 1482 0111
403 1457 599 1482 coronam
628 1443 810 1482 dandam
838 1457 927 1482 esse
958 1443 1034 1482 hac
1064 1442 1255 1482 oratione
1283 1447 1474 1496 negatur.
1509 1441 1707 1482 REISK.
1752 1443 1834 1482 ἐκεῖ

313 1499 375 1538 καὶ
417 1499 477 1538 ἐπὶ
518 1500 663 1550 χρόνον
698 1499 919 1538 τάσσεσθαι
959 1499 1133 1538 docetur
1168 1498 1328 1537 Anecd.
1368 1498 1501 1538 Bekk.
1535 1513 1574 1551 p.
1609 1499 1700 1538 188.
1738 1497 1829 1538 init.

314 1554 565 1594 SCHAEF.

370 1610 416 1649 δί
449 1612 595 1650 ἑαυτῶν
627 1609 756 1663 εἶχον]
793 1610 901 1660 Quid
935 1609 1155 1664 significet,
1187 1610 1308 1649 docet
1342 1610 1453 1663 quod
1485 1609 1673 1664 sequitur
1703 1624 1738 1650 v.
1766 1623 1830 1663 19.

314 1665 358 1716 ἧς
378 1666 482 1705 οὗτοι
503 1666 770 1716 προέστασαν.
803 1666 1059 1706 SCHAEF.

371 1724 466 1775 605,
495 1725 557 1762 16.
591 1723 661 1761 ἐὰν
690 1723 763 1771 μὲν
794 1723 996 1773 ἀπογνῶτε
1026 1723 1096 1771 τὴν
1125 1722 1284 1774 γραφὴν
1314 1721 1476 1775 ταύτην]
1507 1722 1668 1762 Anecd.
1694 1722 1828 1762 Bekk.

312 1792 352 1830 p.
382 1779 470 1831 183,
501 1790 579 1828 24:
612 1777 934 1829 Ἀπογινώσκειν·
969 1779 1128 1829 ἀφεῖναι
1159 1782 1234 1817 τῶν
1266 1777 1532 1829 ἐγκλημάτων.
1598 1778 1714 1818 Idem
1744 1778 1830 1818 fere

314 1843 484 1874 monent
511 1849 549 1887 p.
573 1834 666 1885 198,
691 1846 754 1885 29.
778 1839 819 1874 et
845 1849 884 1887 p.
906 1846 1003 1888 425,
1030 1846 1094 1888 29.
1128 1834 1233 1873 Ibid.
1256 1848 1295 1887 p.
1317 1847 1415 1885 419,
1442 1846 1520 1883 24:
1553 1833 1828 1886 Ἀπέγνωσαν·

313 1890 356 1928 τὸ
380 1891 560 1929 ἐναντίον
581 1892 631 1943 τῷ
654 1889 920 1941 κατέγνωσαν.
953 1905 992 1943 p.
1014 1904 1109 1942 419,
1136 1903 1185 1942 23
1205 1905 1212 1928 :
1245 1889 1514 1941 Ἀπεγνωκώς·
1541 1891 1626 1929 ἀντὶ
1647 1893 1714 1929 τοῦ
1735 1891 1830 1930 ἁπο-

313 1945 537 1995 δοκιμάσας·
572 1946 841 1996 Δημοσθένης.
911 1946 1026 1986 Male
1069 1947 1224 1986 Anecd.
1265 1960 1305 1999 p.
1338 1947 1435 1996 426,
1471 1958 1509 1999 2x>
1545 1961 1553 1984 ε
1596 1945 1828 1997 Ἀπογνούς·

315 2001 574 2051 Δημοσθένης
603 2003 676 2050 μὲν
707 2003 792 2041 ἀντὶ
824 2004 892 2041 τοῦ
923 2003 1155 2050 ἀπελπίσας,
1190 2003 1408 2054 Δείναρχος
1441 2003 1481 2041 δὲ
1515 2002 1600 2042 ἀντὶ
1632 2006 1699 2041 τοῦ
1733 2003 1828 2041 ἀπο-

312 2057 605 2108 ψηφισάμενος.
665 2057 766 2097 Jam
796 2071 893 2097 vero
926 2059 1240 2109 ἀπογιγνώσκειν
1265 2058 1335 2107 τὴν
1365 2058 1536 2109 γραφὴν,
1565 2072 1673 2097 reum
1703 2057 1828 2097 absol-

314 2126 413 2160 vere,
435 2112 500 2151 cui
523 2112 683 2152 notioni
711 2112 753 2151 in
776 2127 865 2167 sqq.
890 2115 1222 2164 καταγιγνώσκειν
1251 2113 1488 2166 oppositum
1517 2118 1593 2161 est,
1616 2113 1676 2153 ita
1705 2113 1830 2167 signi-

314 2168 426 2215 ficat,
454 2172 501 2207 ut
530 2182 623 2207 cum
644 2167 806 2221 judices
837 2169 1093 2208 accusatoris
1124 2169 1306 2208 libellum
1336 2169 1526 2221 rejiciant
1552 2173 1601 2209 ut
1628 2183 1711 2208 non
1737 2183 1829 2222 per-

312 2223 518 2263 tinentem
548 2224 602 2264 ad
632 2238 749 2263 rcum
779 2228 822 2264 et
852 2224 956 2264 falsa
987 2224 1289 2272 criminantem,
1322 2224 1410 2277 ipse
1441 2239 1536 2264 reus
1571 2225 1828 2265 absolvatur.

315 2279 498 2318 FUNK.

372 2337 466 2388 605,
493 2348 557 2374 20.
593 2337 640 2374 τὰ
673 2336 830 2390 εὔορκα]
867 2335 975 2375 Vide
1011 2336 1218 2389 quomodo
1253 2340 1397 2376 orator
1427 2335 1587 2389 judices
1623 2336 1743 2376 officii
1780 2340 1829 2376 ut-

315 2404 519 2430 mcmores
551 2391 633 2431 sint
660 2391 865 2431 hortetur.
928 2391 1089 2431 Eodem
1116 2392 1239 2431 modo
1268 2406 1306 2444 p.
1328 2404 1379 2446 52
1386 2405 1425 2445 5.
1448 2393 1567 2431 -καὶ
1588 2395 1663 2443 γὰρ
1691 2393 1829 2443 εὔορκα

315 2446 420 2486 ταῦθ’
443 2449 532 2496 ὑμῖν
555 2448 639 2486 ἐστὶ
662 2449 722 2486 καὶ
745 2448 876 2489 ἄλλως
898 2449 1036 2487 δίκαια.
1096 2448 1156 2487 Cf.
1179 2447 1306 2487 etiam
1327 2463 1365 2501 p.
1392 2450 1488 2487 626.
1513 2450 1606 2500 845.
1642 2448 1827 2487 FUNK.

370 2503 468 2555 605,
495 2515 558 2555 23.
597 2503 657 2542 καὶ
698 2507 773 2542 τῶν
809 2504 988 2555 πολλῶν]
1031 2503 1137 2542 Vult
1177 2511 1335 2551 orator,
1368 2508 1569 2556 patronos
1604 2503 1708 2543 istos
1744 2518 1828 2542 non

313 2562 484 2597 senatus
515 2557 694 2598 universi
726 2572 801 2598 nec
836 2558 1043 2598 maximae
1078 2559 1211 2612 partis
1247 2564 1430 2607 senatus,
1462 2560 1535 2598 sed
1568 2573 1686 2599 suam
1720 2559 1828 2612 ipso-

312 2627 405 2652 rum
431 2627 621 2654 caussam
648 2628 785 2668 agere,
809 2613 879 2667 qui
904 2614 1026 2668 pauci
1053 2629 1224 2655 numero
1246 2614 1288 2654 in
1316 2619 1465 2655 senatu
1490 2614 1825 2654 dominabantur.

311 2669 341 2708 J
348 2669 512 2709 URIN.

370 2726 465 2773 606,
487 2739 526 2777 4.
553 2726 737 2778 ἐρωτᾶτε]
769 2725 941 2767 Mutata
968 2726 1289 2766 constructionis
1316 2727 1450 2765 fornia
1477 2739 1553 2778 pro
1581 2726 1727 2776 ἐρωτᾶν
1752 2739 1825 2779 po-

313 2780 453 2820 situm.
1701 2780 1706 2784 “

370 2837 465 2883 606,
493 2850 555 2875 10.
590 2836 829 2886 οἶμαι-τῶν
863 2838 1014 2890 λόγων]
1053 2837 1196 2878 Citant
1227 2836 1391 2876 Anecd.
1426 2836 1559 2876 Bekk.
1592 2850 1632 2889 p.
1662 2848 1753 2890 123,
1786 2851 1824 2889 9.

315 2891 563 2931 SCHAEF.

372 2948 465 2994 606,
494 2960 556 2985 11.
580 2947 716 2999 αὐτὸν]
743 2947 1063 2988 Androtionem.
1097 2948 1300 2987 REISK.
