1997 3256
506 149 828 190 ADVERSUS
861 150 1279 191 TIMOCRATEM.
1570 153 1654 195 989

139 261 348 312 poterant,
371 261 419 297 ut
440 257 562 298 docet
585 258 733 299 Pollux
757 260 793 299 8.
816 273 851 298 c.
875 259 1051 299 6.-κᾶν
1072 261 1144 309 μὲν
1170 259 1306 310 μέτρια
1333 260 1478 299 ἀδικεῖν
1503 260 1606 314 δοκῇ,
1631 260 1654 309 ἡ

141 315 267 364 βουλὴ
287 317 452 354 ποιεῖται
476 315 606 364 ζημίας
628 315 833 366 ἐπιβολήν·
869 315 915 355 ἂν
937 317 978 354 δὲ
999 317 1124 365 μείζω,
1148 316 1387 365 παραδίδωσι
1409 317 1651 368 δικαστηρίῳ.

142 370 206 409 De
227 369 290 409 his
315 369 456 422 itaque
478 371 630 411 statuit
657 371 722 411 lex
751 371 784 410 T
790 372 1030 411 imocratea.
1092 371 1186 410 Hoc
1214 376 1355 410 autem
1381 385 1526 410 cavere
1553 371 1653 409 mihi

139 426 319 465 maxime
339 426 515 466 videtur.
568 428 744 467 Remissa
773 442 909 467 caussa
932 442 957 467 a
978 433 1115 466 senata
1139 427 1197 466 ad
1215 427 1382 472 cariam,
1408 433 1536 480 utpote
1555 441 1654 480 qaae

135 482 301 535 §rarior
329 482 412 521 visa
440 489 503 530 est,
525 490 558 523 et
586 484 662 523 reis
685 484 831 523 [nterea
862 484 902 522 im
928 497 1081 523 carcere
1114 483 1263 530 cinctis,
1285 482 1414 522 scriba
1433 483 1654 535 pissaniae

138 537 255 577 istius
275 539 433 578 concilii
453 546 542 579 aaa
563 540 621 579 acl
639 539 902 579 {leesmollzetas
918 539 1174 586 transmittat,
1193 552 1358 590 quoram
1379 545 1465 578 erat
1486 539 1655 590 efficiam

138 593 403 634 incarceratos
436 595 477 633 in
494 595 700 647 judiciam
726 596 870 635 sistere.
925 595 1038 644 ancl
1064 595 1100 634 si
1129 593 1258 634 scriba
1289 595 1452 647 insuper
1476 594 1655 634 habuerit

139 663 259 703 neque
279 650 489 702 idfhcerffi
515 651 628 691 liceat
654 651 728 691 Ιιαο
749 652 825 705 (eye
847 650 1045 690 lictoribus
1069 650 1180 704 ipsis,
1207 653 1283 691 τοῖς
1308 650 1496 698 XIviris,
1520 650 1566 689 id
1583 664 1656 690 saa

139 707 373 746 auctoritate
387 708 538 759 facere,
561 707 667 760 qaod
691 707 811 747 aliter
837 706 1174 746 thwesmotlaetarum
1201 720 1343 745 nameus
1367 712 1453 746 erat
1481 706 1655 760 (lescm‘p-

140 767 234 801 tam.
284 762 408 802 Unde
432 763 620 803 Hel-aldo
641 763 847 803 assentior
866 761 1110 802 rescribenti
1139 776 1174 801 v.
1199 774 1264 814 23.
1292 762 1378 803 τοὺς
1400 761 1653 811 θεσμοθέτας,

140 822 183 858 et
209 817 357 858 deinde
378 819 519 872 judico
551 834 620 859 eas
642 833 761 859 voces
792 834 814 859 e
842 823 961 858 textu
983 822 1187 871 tanquam
1216 817 1396 871 glossam
1424 832 1512 857 esse
1542 832 1654 858 amo-

140 874 306 914 vendas.
349 875 428 926 Qui
450 889 519 916 eas
540 875 764 929 adscripsit
784 875 917 929 legem
941 888 1160 928 perperam
1191 873 1406 922 intellexit,
1430 878 1654 914 autumans

139 930 293 970 nemini
318 930 444 971 licere
474 936 642 985 praeter
671 931 978 972 thesmothetas
1009 945 1125 970 reum
1156 944 1231 983 pro
1261 930 1461 970 tribunali
1493 929 1652 979 sistere,

139 987 411 1027 exadversum
433 991 482 1042 τῷ
499 988 585 1030 τοὺς
608 988 743 1028 ἕνδεκα
764 987 920 1028 adlevit
941 987 1065 1027 istam
1086 986 1236 1027 bellam
1252 986 1652 1027 adnotatiunculam.

141 1042 401 1083 TAYLOR.
433 1044 520 1086 τοὺς
550 1044 788 1094 θεσμοθέτας
819 1044 973 1098 probat
1009 1043 1135 1084 etiam
1174 1042 1385 1083 Matthiae
1425 1042 1653 1083 Miscellan.

141 1098 346 1153 Philolog.
381 1099 457 1139 vol.
486 1114 518 1140 1.
552 1115 592 1154 p.
620 1113 713 1154 233.
777 1100 883 1140 Mihi
919 1100 1088 1154 vulgata
1131 1113 1213 1138 non
1248 1098 1413 1139 videtur
1451 1099 1655 1139 mutanda

140 1169 242 1196 esse.
306 1156 459 1196 Sensus
487 1157 608 1206 enim,
638 1157 795 1211 opinor,
819 1156 884 1196 hic
912 1161 1001 1196 est:
1038 1156 1158 1206 Quod
1189 1155 1325 1195 scriba
1356 1169 1438 1194 non
1464 1155 1573 1203 fecit,
1595 1156 1652 1195 fa-

140 1211 254 1252 ciant
284 1212 433 1252 XIviri
460 1213 701 1267 vinctosque
727 1212 1021 1253 thesmothetis
1053 1212 1217 1252 sistant.
1281 1211 1343 1251 Ut
1372 1211 1545 1262 εἰσάγειν
1573 1216 1654 1253 τοῖς

140 1268 394 1318 θεσμοθέταις
426 1270 478 1311 εἰς
507 1270 550 1309 τὸ
583 1270 829 1321 δικαστήριον
860 1269 967 1309 idem
998 1268 1134 1308 valeat
1163 1267 1273 1321 quod
1301 1269 1555 1318 παραδιδόναι
1583 1268 1654 1316 τὴν

140 1325 387 1377 κατάγνωσιν
407 1329 487 1367 τοῖς
508 1326 774 1376 θεσμοθέταις.
810 1325 1065 1365 SCHAEF.
1127 1323 1269 1364 Delevi
1297 1327 1376 1366 τοῖς
1403 1323 1654 1374 θεσμοθέταις

139 1381 267 1421 verba
288 1395 338 1421 ex
360 1396 395 1421 v.
424 1393 487 1421 21.
510 1397 649 1422 errore
670 1382 894 1422 manifesto
915 1381 1111 1434 repetita.

199 1449 292 1488 721,
321 1451 353 1477 1.
382 1440 451 1478 ἐὰν
473 1438 502 1478 δ’
527 1440 709 1490 ἀργυρίου
737 1437 892 1491 τιμηθῇ]
925 1437 1085 1477 Anecd.
1116 1436 1247 1476 Bekk.
1279 1451 1318 1489 p.
1346 1446 1437 1490 175,
1463 1448 1527 1475 22.
1557 1435 1652 1475 hine

139 1493 297 1534 citant:
332 1495 401 1534 ἐὰν
429 1495 469 1534 δὲ
496 1496 678 1546 ἀργυρίου
705 1495 959 1548 προστιμηθῇ.
1026 1493 1168 1532 Minus
1195 1497 1320 1532 reete.
1349 1495 1567 1543 προστιμᾶν
1589 1496 1653 1531 est

139 1549 301 1604 iusuper
326 1550 518 1604 ι’ννοῃανο.
547 1554 808 1602 προστιμῆσαι
836 1550 865 1590 δ’
895 1549 1204 1600 ἐξεῖναι-πρὸς
1233 1551 1283 1603 τῷ
1313 1549 1478 1602 ἀργυρίῳ
1508 1548 1654 1598 δεσμὸν

139 1620 178 1660 p.
203 1608 297 1660 736,
327 1619 387 1660 ¹3-
421 1607 672 1648 SCHAEF.

199 1673 294 1715 721,
308 1676 347 1716 5.
371 1662 520 1718 ἐκτίσῃ]
546 1663 725 1703 Addunt.
742 1663 860 1702 codd.
876 1661 1059 1702 nonnulli
1083 1663 1105 1701 ὅ
1122 1678 1156 1701 τι
1178 1661 1226 1701 ἂν
1243 1661 1358 1700 αὐτοῦ
1380 1663 1651 1714 καταγνωσθῇ.

140 1718 250 1759 Cave
277 1719 379 1759 haec
408 1720 534 1760 verba
565 1720 709 1760 addas.
773 1719 888 1770 Quae
922 1733 1016 1758 eum
1052 1718 1205 1772 Legem
1235 1716 1430 1764 finierint,
1464 1716 1498 1755 si
1530 1716 1655 1755 homo

140 1774 260 1815 simul
287 1775 520 1825 recitasset,
542 1790 624 1815 non
655 1776 793 1815 fuerat
823 1789 896 1814 cur
926 1775 979 1814 ab
1009 1778 1176 1814 oratore
1199 1774 1420 1827 juberetur
1449 1772 1654 1819 παύεσθαι,

141 1830 295 1886 quippe
317 1837 464 1887 sponte
485 1834 714 1882 παυόμενος.
750 1830 1002 1872 SCHAEF.

199 1898 292 1940 721,
312 1889 349 1929 8.
373 1890 469 1940 δεῖν]
495 1892 575 1928 δεῖν
597 1889 637 1927 11.
658 1888 682 1927 1.
706 1887 816 1928 idem
838 1892 901 1927 est
922 1892 1050 1940 atque
1073 1886 1248 1926 κελεύειν
1269 1887 1437 1934 δεθῆναι,
1450 1883 1589 1936 jubere
1611 1890 1654 1924 at

139 1943 381 1993 vinciantur,
405 1944 754 1998 quemadmodum
781 1944 905 1983 modo
934 1943 1100 1982 dixerat
1124 1941 1352 1981 καθιστάναι
1379 1954 1454 1994 pro
1482 1942 1657 1980 κελεύειν

140 2000 203 2040 vel
218 2002 288 2040 ἐᾶν
305 2000 686 2053 καθιστάναι,]ῑιόσνο
702 2000 763 2040 vel
772 2006 999 2054 potestatem
1005 2000 1148 2052 facere
1164 1997 1433 2038 constituendi.
1460 1996 1654 2036 REISK.

142 2056 235 2096 Non
257 2057 589 2097 subaudiendum
612 2058 786 2097 κελεύειν
807 2060 881 2096 aut
904 2056 987 2095 ε’ἇν.
1026 2054 1065 2094 N
1068 2070 1113 2095 ec
1135 2053 1267 2107 magis
1291 2057 1370 2093 δεῖν
1388 2067 1481 2092 011111
1498 2052 1656 2092 Wolfio

141 2113 389 2153 mutandum
416 2113 457 2153 in
483 2117 646 2154 δεῖσθαι.
709 2113 859 2153 Plene:
895 2113 1002 2152 ἀλλὰ
1026 2112 1076 2162 μὴ
1099 2114 1179 2151 δεῖν
1211 2110 1357 2151 αὐτούς.
1421 2109 1485 2148 De
1512 2123 1657 2162 repen-

140 2169 230 2209 tina
260 2170 436 2224 subjecti
467 2169 701 2210 mutatione
732 2169 773 2208 in
805 2169 950 2209 eadem
982 2167 1166 2221 periodo,
1200 2166 1332 2220 qualis
1363 2172 1427 2205 est
1456 2164 1584 2205 etiam
1614 2180 1656 2218 p.

143 2226 238 2279 887,
264 2239 329 2267 20.
354 2239 449 2278 912,
467 2227 503 2266 8.
533 2237 627 2280 945,
652 2227 691 2266 6.
714 2241 750 2265 v.
778 2225 867 2265 Ind.
891 2225 945 2265 ad
967 2224 1093 2264 schol.
1120 2223 1312 2277 Apollon.
1336 2222 1472 2262 Rhod.
1496 2236 1534 2275 p.
1559 2222 1654 2274 676.

141 2296 178 2322 a.
212 2282 463 2323 SCHAEF.

201 2349 295 2391 721,
332 2351 392 2379 10.
436 2343 644 2390 κατηγορεῖ
679 2336 918 2388 Τιμοκράτης
957 2334 1239 2389 Τιμοκράτους]
1284 2333 1338 2373 V.
1379 2349 1419 2388 p.
1456 2345 1549 2386 720,
1589 2346 1654 2387 15.

202 2462 295 2504 721,
324 2461 387 2505 15.
420 2451 507 2490 οὐδὲ
533 2454 612 2491 τοῖς
645 2449 796 2503 ἄλλοις]
833 2449 881 2487 Id
913 2453 976 2489 est
1007 2449 1095 2488 οὐδὲ
1128 2451 1206 2489 τοῖς
1237 2449 1312 2486 τῶν
1344 2446 1478 2485 ἄλλων
1509 2446 1652 2496 νόμοις.

144 2507 338 2547 REISK.
405 2506 595 2547 Fallitur.
640 2510 720 2548 τοῖς
756 2507 894 2547 ἄλλοις
943 2510 985 2545 et
1037 2506 1156 2557 ἑαυτῷ
1207 2507 1305 2543 sunt
1355 2502 1655 2556 contraposita.

202 2620 290 2659 οὐδὲ
322 2624 402 2662 τοῖς
434 2620 572 2661 ἄλλοις
606 2616 776 2672 ἐώντων]
816 2617 915 2657 Sub.
951 2617 1108 2656 ἐναντία
1137 2618 1374 2665 νομοθετεῖν,
1404 2614 1478 2653 ἀπὸ
1512 2617 1653 2654 κοινοῦ.

146 2675 345 2716 WOLF.

205 2731 300 2772 ἕνεκ’
325 2731 540 2786 ἀναιδείας]
565 2732 682 2771 οὕτως
704 2729 860 2779 ἀναιδὴς
882 2730 947 2769 ὥν.
982 2727 1174 2767 WOLF.
1242 2726 1351 2766 Prae
1377 2725 1552 2766 audacia
1569 2726 1656 2778 qui-

146 2789 265 2835 dem3
300 2788 334 2828 si
356 2787 458 2828 satis
480 2787 533 2827 sit
555 2787 608 2827 ad
629 2800 721 2826 eam
749 2800 837 2825 rem
863 2785 1063 2825 audacem
1087 2797 1202 2830 esse3
1237 2782 1270 2821 si
1299 2781 1437 2822 onmia
1463 2781 1546 2821 sita
1572 2782 1657 2822 sint

146 2844 189 2884 in
210 2844 387 2885 audacia
408 2858 540 2897 neque
560 2847 779 2897 praeterea
801 2840 1002 2895 potentia,
1025 2839 1174 2894 gratia,
1197 2839 1288 2879 aliis
1314 2839 1437 2877 rebus
1459 2852 1562 2891 opus
1587 2838 1654 2885 sit,

147 2905 238 2941 tum
268 2905 391 2942 tanta
421 2906 485 2941 est
515 2900 638 2953 hujus
665 2898 842 2939 hominis
870 2896 1056 2944 audacia,
1079 2900 1127 2936 ut
1154 2896 1208 2937 ad
1234 2894 1336 2934 nihil
1362 2908 1445 2934 non
1472 2894 1658 2948 quamvis
