1997 3256
323 164 406 205 950
637 161 965 201 ADVERSUS
1004 159 1524 202 ARISTOCRATEM.

324 267 424 307 (licit
448 269 490 306 ἐν
517 271 561 322 τῇ
592 269 676 319 περὶ
705 271 912 316 Σαλαμῖνα
935 268 1129 319 ναυμαχίᾳ
1157 270 1200 305 et
1220 265 1358 318 paullo
1380 268 1475 317 post
1497 266 1517 303 ὁ
1537 263 1606 313 τὴν
1635 264 1678 303 ἐν
1701 266 1839 313 Μαρα-

325 328 419 362 θῶνι
458 323 599 375 μάχην,
640 324 750 363 Plat.
786 324 913 376 Gorg.
947 338 984 375 p.
1014 325 1095 375 516
1130 321 1180 360 D.
1226 321 1439 369 Μιλτιάδης
1474 321 1494 358 ὁ
1532 320 1574 358 ἐν
1611 321 1836 369 Μαραθῶνι.

325 379 547 418 Aristotel.
571 379 695 419 Rhet.
723 392 757 426 2,
788 390 850 418 22.
890 383 935 418 ut
965 377 1171 417 Herodot.
1199 379 1236 423 6,
1265 388 1356 428 132.
1384 377 1474 428 136.
1512 386 1548 425 7,
1579 388 1612 413 l.
1653 374 1725 413 sed
1757 373 1838 412 De-

323 435 477 474 mosth.
504 435 554 473 de
578 434 689 474 Fals.
717 434 861 488 Legat.
885 449 924 487 p.
948 447 1044 484 441-
1076 435 1112 472 οἱ
1145 435 1359 483 Μαραθῶνι
1391 433 1451 470 καὶ
1483 433 1689 479 Σαλαμῖνι.
1724 428 1838 469 WE-

324 490 451 529 BER.
515 494 710 539 Σαλαμῖνι
732 491 819 529 sine
842 492 884 529 ἐν
906 489 1122 541 Arist-oph.
1148 487 1225 540 Eq.
1253 488 1345 540 783.

381 549 475 593 686,
502 559 536 596 7.
559 547 625 585 οὐκ
653 546 739 598 ἶσα]
766 545 859 585 Non
887 544 1151 584 obtrectandi
1179 557 1312 596 neque
1338 540 1585 582 detrahendi
1614 540 1754 581 studio
1782 539 1839 580 sic

323 602 434 649 dicit.
469 602 539 641 sed
571 601 866 655 exaggerandi.
929 599 1114 640 Subaudi
1146 601 1252 638 ἀλλὰ
1282 600 1418 651 πολλῷ
1448 599 1573 648 μείζω.
1606 610 1680 636 non
1708 596 1840 636 dicam

314 659 587 712 ραήαβαστίε
610 665 829 697 nostrorum
856 657 1149 710 imperatorum,
1171 656 1240 694 sed
1258 655 1389 693 (licam
1408 653 1544 707 potius
1564 652 1700 692 multis
1721 653 1841 692 etiam

323 714 448 753 modis
469 715 634 767 mqjora.
676 712 872 753 REISK.

381 772 475 815 686,
508 774 566 809 ι6.
595 774 670 809 τῶν
699 771 823 820 ἔργων
850 773 927 808 τῶν
957 769 1059 815 τότε,
1088 769 1224 818 ἄνδρες
1249 765 1462 815 Ἀθηναῖοι,
1492 765 1648 806 οὐδενὸς
1676 763 1839 803 ἀπεστέ-

321 843 449 876 ρησαν
478 826 654 877 ἑαυτούς]
681 825 842 865 Nomen
872 823 1147 878 imperatoris.
1170 838 1195 862 a
1217 837 1298 875 quo
1319 821 1532 875 praeclare
1559 825 1680 874 gesta
1705 824 1838 866 erant,

324 882 532 934 prioribus
567 881 825 935 temporibus
865 895 947 920 non
989 879 1293 919 inscribebatur
1332 876 1612 917 monumentis
1651 875 1839 929 publicis,

315 937 439 977 ‘'Orov
476 940 550 988 γὰρ
586 939 634 977 ἄν
669 954 737 986 τις,
773 937 907 990 inquit
945 935 1251 976 Demosthenes
1288 949 1321 973 c.
1358 933 1519 987 Leptin.
1552 948 1590 986 p.
1623 932 1719 984 478,
1751 932 1840 983 παρ’

322 996 429 1042 ἡμῶν
461 996 608 1044 ἀγαθοῦ
641 997 719 1034 τοῖς
755 995 892 1034 ἄλλοις
926 995 1045 1033 αἴτιος
1077 992 1247 1042 γένηται,
1280 992 1416 1029 τούτου
1448 990 1518 1038 τὴν
1553 990 1670 1037 δόξαν
1702 988 1746 1027 τὸ
1777 990 1842 1037 τῆς

321 1050 474 1091 πόλεως
495 1051 618 1099 ὄνομα
641 1052 862 1098 καρποῦται.
907 1047 1100 1087 Aeschin.
1124 1047 1164 1085 in
1188 1046 1370 1099 Ctesiph.
1394 1060 1431 1098 p.
1457 1046 1522 1084 80.
1549 1046 1690 1084 ἔδωκεν
1713 1044 1842 1085 αὐτοῖς

322 1107 342 1143 ὁ
375 1108 490 1155 δῆμος
524 1105 711 1155 μεγάλας,
746 1106 795 1146 ὡς
830 1105 906 1143 ro'r'
940 1105 1076 1147 ἐδόκει,
1110 1107 1211 1153 τρεῖς
1245 1104 1418 1142 λιθίνους
1446 1100 1593 1152 (Ερμᾶς
1624 1103 1767 1149 στῆσαι
1799 1101 1841 1138 ἐν

323 1162 367 1215 τῇ
405 1164 501 1213 στοᾷ
541 1164 586 1215 τῇ
627 1165 702 1199 τῶν
736 1159 902 1210 εΕρμῶν,
943 1159 1002 1209 ἐφ’
1038 1157 1110 1212 ᾧτε
1145 1159 1196 1207 μὴ
1238 1158 1469 1208 ἐπιγράφειν
1503 1159 1549 1195 τὰ
1588 1157 1760 1206 ὀνόματα
1794 1157 1842 1194 τὰ

324 1219 481 1263 ἑαυτῶν,
513 1218 576 1256 ἵνα
604 1217 654 1265 μὴ
686 1220 760 1254 τῶν
790 1220 1028 1265 στρατηγῶν,
1053 1216 1158 1253 ἀλλὰ
1184 1217 1250 1252 τοῦ
1283 1214 1401 1263 δήμου
1432 1213 1524 1266 δοκῇ
1557 1212 1656 1251 εἶναι
1686 1211 1728 1250 τὸ
1762 1212 1841 1250 ἐπί-

322 1289 492 1323 γραμμα.
557 1273 617 1311 (ff.
641 1286 674 1311 c.
701 1271 864 1324 Leptin.
888 1286 927 1324 p.
950 1284 1045 1321 49¹·
1111 1269 1194 1309 Sed
1216 1270 1304 1322 jam
1327 1269 1484 1316 Conon,
1507 1268 1558 1307 de
1587 1281 1668 1320 quo
1698 1271 1842 1306 orator

322 1327 459 1381 priore
487 1328 576 1367 loco
601 1327 830 1380 Leptineae
852 1327 1015 1366 locutus
1044 1330 1122 1373 est,
1147 1324 1346 1378 singulari
1377 1324 1499 1363 modo
1528 1324 1756 1362 honoratus
1778 1328 1842 1362 est

322 1384 487 1423 nomine
518 1383 757 1423 liberatoris
788 1383 995 1422 sociorum
1028 1381 1298 1434 inscriptione
1331 1379 1588 1433 pervulgato,
1651 1378 1842 1418 Eundem

323 1440 523 1479 honorem
556 1439 797 1485 Pausanias.
836 1453 909 1478 rex
946 1437 1384 1480 Lacedaemoniorum,
1417 1435 1537 1476 victis
1571 1434 1724 1482 Persis,
1762 1433 1840 1473 sibi

322 1502 605 1549 arrogaverat.
634 1494 910 1534 irascentibus
938 1493 1075 1539 sociis,
1099 1498 1146 1532 ut
1175 1499 1280 1531 orat.
1303 1492 1345 1530 in
1370 1491 1515 1531 Neaer.
1539 1506 1578 1544 p.
1605 1490 1720 1544 1378.
1744 1489 1842 1529 scri-

323 1556 441 1604 ptum
471 1556 546 1597 est,
573 1552 623 1593 ὡς
651 1553 767 1590 αὑτοῦ
800 1554 865 1589 τοῦ
899 1551 1012 1600 ἔργου
1046 1550 1105 1588 καὶ
1137 1553 1204 1588 τοῦ
1236 1547 1490 1597 ἀναθήματος,
1525 1545 1614 1586 ἀλλ’
1638 1546 1682 1585 οὐ
1714 1549 1843 1585 κοινοῦ

323 1611 399 1646 τῶν
436 1607 662 1659 συμμάχων.
727 1606 883 1646 Postea
918 1605 1022 1645 adeo
1059 1604 1291 1658 Iphicrates
1323 1603 1376 1643 ad
1408 1603 1449 1642 id
1481 1602 1683 1656 processit
1713 1602 1842 1641 auda-

324 1662 424 1709 aiae,
452 1670 498 1702 ut
525 1663 706 1716 praedae
734 1663 786 1701 ab
817 1662 1007 1701 hostibus
1034 1662 1171 1700 factae
1203 1674 1321 1698 suum
1350 1673 1499 1698 nomen
1531 1658 1648 1697 ducis
1675 1662 1842 1697 tantum

324 1718 491 1757 inscribi
514 1717 698 1771 jusserit.
722 1723 764 1757 et
785 1718 938 1756 multos
960 1717 1193 1756 imitatores
1221 1720 1370 1755 nactus
1400 1720 1475 1754 est.
1538 1714 1592 1751 V.
1617 1713 1788 1753 Suidam
1809 1728 1840 1753 s.

323 1790 358 1813 v.
382 1774 616 1824 Ἰφικράτης.
649 1774 887 1813 WEBER.

383 1832 476 1876 686,
503 1843 567 1869 2¹.
595 1832 740 1869 πολλοὶ
766 1832 878 1868 τοῦτο
909 1827 1119 1881 λέγουσιν]
1144 1828 1247 1866 Tres
1278 1826 1465 1880 proxime
1496 1831 1843 1865 commemoratas

325 1886 521 1925 victorias
542 1886 798 1938 conjunctim
826 1885 1050 1925 celebrant.
1076 1883 1305 1923 Aeschines
1328 1883 1368 1922 in
1392 1882 1576 1935 Ctesiph.
1598 1896 1638 1934 p.
1665 1882 1747 1929 88„
1771 1881 1843 1920 Di-

325 1942 505 1981 narchus
534 1941 575 1980 in
598 1941 868 1981 Demosthen.
893 1956 932 1994 p.
957 1951 1023 1994 54.
1053 1945 1095 1979 et
1119 1954 1139 1978 e
1161 1939 1433 1991 scriptoribus
1459 1937 1702 1991 posterioris
1729 1942 1843 1977 aet-a-

326 1997 380 2037 tis
411 1997 622 2037 Aristides
654 2012 687 2036 c.
726 1997 888 2050 Leptin.
924 1998 1079 2048 §.104
1114 2001 1155 2035 et
1189 1995 1440 2034 Plutarchus
1474 1994 1584 2032 Mor.
1615 2008 1655 2046 p.
1681 2006 1766 2046 350
1794 1992 1842 2031 F.

327 2053 559 2092 WEBER.

385 2109 584 2159 Κέρκυραν
607 2110 686 2147 εἷλε
704 2108 913 2161 Τιμόθεος]
934 2107 1178 2147 Timotheus
1199 2106 1416 2159 occupavit
1440 2105 1662 2157 Corcyram
1680 2104 1842 2158 Olylnp.

331 2178 425 2212 101,
451 2177 484 2204 1.
506 2179 543 2202 v.
570 2164 811 2216 Xenophon
835 2163 1037 2203 Hellenic.
1062 2174 1100 2216 5.
1123 2177 1161 2211 4,
1187 2165 1253 2213 63.
1292 2162 1501 2201 Diodorus
1531 2174 1589 2214 ¹5⁵
1608 2162 1675 2212 36,
1692 2160 1844 2200 Corne-

325 2220 402 2259 lius
426 2220 532 2273 Nep.
558 2219 740 2259 Timoth.
769 2232 803 2258 2.
857 2220 920 2259 De
942 2224 1177 2271 temporum
1202 2218 1364 2257 ratione
1386 2217 1583 2256 dixerunt
1605 2216 1843 2256 Dodwellus

325 2276 366 2314 in
401 2275 667 2329 chronologia
702 2275 1016 2329 Xenophontea
1057 2281 1100 2314 et
1136 2273 1371 2313 Boeckhius
1403 2273 1443 2311 in
1479 2277 1699 2311 comment.
1734 2272 1843 2312 Aca—

328 2332 434 2371 dem.
459 2332 593 2371 Berol.
617 2346 654 2371 a.
688 2332 803 2370 1818.
824 2347 863 2385 p.
889 2344 952 2383 79.
992 2330 1223 2369 WEBER.

384 2389 478 2433 686,
505 2400 568 2427 22.
601 2387 670 2436 τὴν
699 2388 824 2437 μόραν
855 2387 1073 2437 κατέκοψεν
1104 2385 1341 2440 Ἰφικράτης]
1377 2384 1500 2423 Hanc
1531 2398 1630 2430 rem,
1664 2397 1770 2436 quae
1801 2384 1843 2422 in

327 2444 433 2483 bello
463 2443 729 2483 Corinthiaco
758 2443 919 2497 Olymp.
943 2445 1008 2495 96,
1032 2456 1070 2490 4.
1098 2443 1211 2481 sacta
1239 2446 1314 2487 est,
1343 2439 1508 2493 copiose
1538 2440 1667 2479 refert
1699 2439 1843 2478 Xeno—

327 2500 439 2552 phon
461 2498 665 2538 Hellenic.
688 2514 726 2547 4.
749 2512 789 2552 5.
820 2500 990 2538 11—18.
1045 2498 1105 2537 Cf.
1132 2497 1343 2536 Diodorus
1371 2509 1431 2545 ¹4,
1457 2509 1523 2547 91.
1588 2495 1842 2534 Plutarchus

327 2555 350 2594 l.
375 2569 408 2594 c.
434 2560 473 2594 et
498 2570 532 2594 v.
558 2554 715 2608 Agesil.
738 2569 770 2594 c.
797 2567 861 2594 22.
904 2553 1118 2594 Cornelius
1141 2553 1244 2605 Nep.
1271 2551 1468 2605 lphicrat.
1494 2564 1529 2589 2.
1582 2551 1704 2590 Adde
1728 2550 1841 2590 Har-

326 2611 611 2664 pocrationem
643 2625 673 2649 S.
706 2625 742 2649 v.
779 2611 944 2651 ’Ξενικὸν
977 2612 1018 2649 ἐν
1052 2610 1239 2660 Κορίνθῳ.
1290 2609 1555 2646 Κατακόπτειν
1586 2612 1647 2646 est
1680 2620 1841 2652 necare,

328 2667 557 2713 concidere,
580 2666 633 2705 ad
662 2666 985 2706 internecionem
1016 2665 1200 2711 caedere.
1223 2678 1353 2716 eoque
1382 2662 1605 2715 scriptores
1630 2662 1671 2700 in
1699 2662 1776 2701 hac
1798 2676 1842 2701 re

328 2723 687 2762 commemoranda
726 2721 786 2761 uti
823 2721 959 2761 solent
994 2725 1161 2774 praeter
1198 2718 1451 2758 Aeschinem
1491 2722 1534 2757 et
1571 2717 1840 2765 Dinarchum,

328 2792 501 2831 quorum
525 2778 590 2817 ille
612 2778 827 2824 ἀπέκτεινε,
849 2777 916 2816 hic
939 2778 1072 2816 ἀνεῖλε
1094 2790 1192 2814 usus
1214 2780 1290 2815 est.
1326 2773 1558 2812 WEBER.

386 2836 480 2881 686.
507 2847 570 2885 22⁸¹.
599 2834 668 2883 τὴν
696 2835 783 2883 περὶ
812 2834 943 2882 Νάξον
972 2833 1080 2872 ἐνίκα
1109 2832 1327 2882 ναυμαχίαν
1354 2828 1550 2882 Χαβρίας]
1576 2829 1646 2868 Ad
1677 2829 1841 2868 Naxum

330 2890 501 2929 insulani
527 2890 688 2942 Ulymp.
716 2902 801 2928 101.
828 2903 858 2927 1.
884 2894 1115 2942 pugnatum
1145 2892 1220 2927 est.
1245 2886 1276 2924 si
1301 2885 1503 2924 (⁴1intonis
1528 2885 1667 2925 Fastis
1690 2900 1719 2924 s.
1742 2885 1780 2924 h.
1804 2900 1839 2924 a.
