1997 3256
442 141 764 183 ADVERSUS
799 142 1295 183 ARISTOGITONEM
1329 143 1367 182 Ι.
1558 143 1667 182 1085

154 247 302 287 tal-cho
323 247 365 286 in
384 247 488 287 Vita
512 247 692 301 Lycurgi
722 247 920 288 Rhetoris
950 247 1027 287 hoc
1058 251 1207 300 pacto:
1244 245 1498 299 (Diphilum)
1522 248 1671 285 ἁλῶναι

154 304 314 353 ἐποίησε
347 302 602 357 (Lycurgus)
638 305 699 343 καὶ
730 304 970 353 πεντήκοντα
1003 306 1176 355 δραχμὰς
1209 304 1248 342 ἐκ
1280 305 1345 351 τῆς
1381 303 1516 343 οὐσίας
1552 301 1668 340 αὐτοῦ

155 359 303 412 ἑκάστῳ
333 364 412 399 τῶν
444 364 615 399 πολιτῶν
647 360 825 410 διένειμε,
860 364 936 399 τῶν
968 359 1124 398 πάντων
1158 357 1435 410 συναχθέντων
1467 358 1671 397 ταλάντων

154 415 292 455 ἑκατὸν
315 416 515 465 ἑξήκοντα,
536 415 570 465 ἢ,
594 417 643 457 ὥς
664 433 775 462 τινες,
799 419 911 465 μνᾶν.
973 416 1072 455 Jaln
1104 414 1138 454 si
1170 414 1330 454 talenta
1359 418 1525 453 centum
1552 427 1669 452 sexa-

151 471 271 525 ginta
301 471 343 510 in
375 472 598 512 drachmas
631 472 813 512 resolvas
845 477 887 511 et
919 471 1138 524 unicuique
1173 470 1322 510 civium
1348 468 1669 509 Atheniensium

152 527 307 567 viritim
341 528 643 582 quinquaginta
679 527 906 581 impertias,
941 527 1155 566 hominum
1191 526 1331 579 capita
1365 531 1489 565 crunt
1525 537 1672 576 19200,

152 583 276 623 scilic.
308 585 404 634 ὁμοῦ
434 586 636 636 δισμύριοι.
698 584 896 637 Adjungo
919 583 1185 622 Athenaeum
1208 584 1245 621 6.
1269 597 1307 635 p.
1334 594 1426 634 237.
1451 583 1672 629 Κτησικλῆς

154 642 197 680 ἐν
219 641 323 691 τρίτῃ
345 644 546 691 Χρονικῶν
561 644 606 696 τῇ
628 640 767 694 δεκάτῃ
791 636 883 690 πρὸς
903 644 987 680 ταῖς
1010 640 1148 678 ἑκατόν
1170 636 1542 688 φησινὈλυμπιάδι
1557 635 1672 685 Ἀθή-

154 713 268 746 νησιυ
297 697 511 746 ἐξετασμὸν
541 696 726 748 γευέσθαι
756 696 829 735 ὑπὸ
859 696 1079 745 Δημητρίου
1110 697 1176 733 τοῦ
1202 692 1414 743 Φαληρέως
1444 695 1521 731 τῶν
1543 707 1669 731 κατοι-

154 753 323 792 κούντων
344 751 620 802 τὴνἈττικὴυ,
649 753 709 792 καὶ
742 753 943 802 εὑρεθῆναι
962 750 1194 800 Ἀθηναίους
1223 751 1295 799 μὲν
1327 750 1546 798 δισμυρίους
1576 747 1672 795 πρὸς

153 813 233 850 τοῖς
254 810 407 860 χιλίοις,
429 811 627 857 μετοίκους
656 810 696 848 δὲ
724 808 890 858 μυρίους,
914 808 1071 846 οἰκετῶν
1093 807 1133 845 δὲ
1159 805 1342 856 μυριάδας
1363 803 1669 854 τεσσαράκοντα.

154 865 276 915 Quod
316 864 349 904 si
390 864 613 917 aliquando
655 863 875 915 csmtingat
912 868 960 902 ut
996 861 1038 900 in
1079 861 1156 901 hoc
1192 874 1364 900 numero
1401 859 1673 899 dissentirent

152 926 346 961 auctores
378 921 641 968 vetustiores,
670 924 731 973 (et
764 916 909 972 aperte
942 917 1118 957 dissidet
1153 917 1398 957 Herodotus
1427 929 1467 969 5,
1497 927 1580 968 97.‚
1602 915 1671 968 qui

153 982 253 1018 ante
274 977 425 1017 bellum
449 977 662 1016 Persicum
693 981 821 1029 atque
852 976 959 1015 hane
989 975 1109 1028 longe
1141 978 1326 1014 aetatem
1352 978 1438 1012 tres
1463 971 1672 1024 myriadas

153 1033 476 1073 Atheniensium
498 1033 582 1072 sive
604 1032 781 1087 triginta
807 1031 932 1072 millia
955 1031 1079 1070 fuisse
1100 1030 1193 1081 ait,)
1218 1027 1454 1069 memineris
1475 1027 1578 1068 alios
1600 1027 1672 1067 ali-

154 1096 219 1131 ter
241 1090 443 1130 calculum
465 1089 708 1129 instituere:
742 1089 818 1128 hos
840 1101 1176 1140 unamquamque
1198 1090 1384 1126 aetatem
1406 1090 1449 1124 et
1470 1083 1673 1123 conditio-

154 1161 248 1186 nem
284 1146 515 1200 complecti,
553 1146 656 1185 alios
692 1145 866 1192 interea,
902 1144 964 1183 uti
1000 1143 1066 1182 hic
1103 1148 1246 1182 noster
1282 1141 1532 1194 caeterique,
1569 1154 1672 1193 quos

153 1203 414 1251 adduximus,
438 1218 509 1242 eos
530 1207 697 1242 tantum
728 1215 958 1247 numerare,
983 1199 1051 1253 qui
1078 1199 1259 1239 familiae
1280 1197 1420 1251 capita
1442 1200 1574 1244 erant,
1597 1201 1673 1236 aut

154 1260 303 1299 saltem
324 1259 392 1313 qui
422 1274 471 1299 ea
497 1263 635 1298 essent
667 1263 819 1305 aetate,
844 1262 891 1297 ut
912 1271 1041 1309 remp.
1063 1255 1190 1296 armis
1220 1259 1361 1308 tegere
1392 1258 1575 1307 possent,
1598 1256 1673 1292 aut

154 1316 330 1369 denique
353 1315 421 1369 qui
443 1315 590 1369 opibus
619 1314 678 1355 ita
699 1314 906 1361 valebant,
929 1317 977 1352 ut
1005 1312 1045 1351 in
1076 1326 1202 1351 censu
1229 1315 1381 1351 essent.
1444 1309 1564 1359 Quod
1591 1308 1673 1348 dis-

153 1372 309 1412 crimen
345 1372 456 1411 inter
487 1373 582 1421 ὁμοῦ
616 1375 658 1411 et
688 1370 862 1420 μάλιστα
897 1369 1049 1409 statuit
1081 1368 1296 1422 Taylorus,
1328 1366 1371 1405 id
1406 1365 1564 1404 nullum
1595 1369 1672 1404 est.

155 1428 350 1468 REISK.
414 1428 588 1481 Spectat
620 1427 728 1466 hunc
761 1426 895 1466 locum
928 1425 1079 1464 indicio
1113 1438 1195 1463 non
1227 1424 1404 1462 obscuro
1437 1420 1674 1474 Hesychius

153 1485 230 1525 vol.
257 1497 291 1525 2.
315 1500 354 1538 p.
379 1498 399 1537 7
405 1487 473 1538 56.
536 1483 765 1523 Manifesto
796 1482 931 1522 citant
954 1480 1132 1520 Photius
1161 1495 1190 1519 s.
1215 1495 1250 1519 v.
1277 1481 1372 1529 ὁμοῦ
1398 1482 1441 1517 et
1472 1491 1568 1516 mox
1600 1477 1675 1516 ite-

154 1556 258 1589 rum,
290 1541 530 1581 scholiastes
552 1541 605 1580 ad
629 1538 804 1579 Homeri
830 1538 876 1577 Il.
898 1549 936 1592 5,
963 1538 1055 1590 867.
1081 1541 1123 1576 et
1145 1535 1390 1576 scholiastes
1420 1534 1474 1573 ad
1505 1533 1673 1573 Platon.

154 1613 194 1651 p.
219 1611 278 1637 10.
314 1597 484 1636 Ruhnk.
511 1599 568 1650 (p.
591 1598 688 1649 380.
712 1595 880 1645 Bekk.).
944 1594 1008 1633 De
1040 1607 1212 1632 numero
1238 1589 1561 1631 Atheniensium
1593 1589 1675 1629 alio

153 1654 244 1694 aliis
284 1653 543 1706 temporibus
569 1668 604 1692 v.
638 1651 876 1691 Boeckhius
913 1650 964 1689 de
996 1650 1147 1689 Oecon.
1179 1648 1337 1688 Athen.
1361 1646 1438 1686 vol.
1466 1659 1499 1685 1.
1532 1661 1571 1699 p.
1606 1658 1629 1699 3
1634 1656 1674 1699 5.

155 1710 404 1751 SCHAEF.
467 1710 591 1749 Adde
613 1708 794 1748 Clinton.
820 1707 935 1746 Fast.
960 1706 1068 1745 Hell.
1086 1705 1162 1745 vol.
1186 1718 1222 1743 1.
1247 1702 1440 1757 Append.
1462 1716 1494 1741 c.
1522 1714 1586 1742 22.

213 1767 306 1820 785,
326 1778 388 1819 27.
413 1766 482 1805 τὸν
497 1764 609 1818 βίου]
636 1764 685 1803 Id
706 1769 770 1803 est
788 1764 854 1802 τὸν
870 1763 998 1802 πάντα
1017 1765 1082 1801 τοῦ
1103 1762 1194 1810 βίου
1215 1761 1373 1812 χρόνον.
1410 1758 1672 1798 SCHAEF.

214 1824 307 1877 785,
334 1835 398 1876 29.
432 1823 475 1876 τῇ
508 1824 618 1876 ψυχῇ
652 1819 857 1872 διατρίβει]
908 1819 1044 1858 flIente
1078 1824 1112 1857 et
1146 1817 1299 1856 milone
1334 1821 1515 1854 ‘versatur
1547 1814 1672 1853 in--.

215 1936 308 1989 786,
331 1950 370 1985 4.
393 1934 493 1988 ἔχις]
531 1933 615 1973 Alii
643 1932 736 1972 libri
759 1934 860 1983 ὄφις,
885 1930 996 1984 quod
1023 1929 1123 1983 legit
1145 1927 1445 1982 Harpocratio,
1469 1925 1566 1980 quia
1587 1939 1618 1965 S.
1636 1940 1672 1965 v.

154 1992 299 2044 Ἀργῆς
324 1990 483 2038 scribit,
513 1991 598 2032 τοὺς
618 1990 812 2030 τοιούτους
832 1989 976 2038 ὄψεσιν
996 1987 1134 2034 εἰκάζει
1156 1987 1197 2025 ἐν
1218 1987 1268 2038 τῷ
1292 1983 1370 2023 κατ’
1388 1982 1674 2034 Ἀριστογείτο-

156 2066 233 2090 νος.
284 2047 500 2087 Vocabulo
522 2047 602 2098 ἔχις
623 2050 766 2085 orator
787 2043 921 2083 utitur
943 2043 1051 2082 infra
1071 2057 1110 2096 p.
1136 2053 1229 2096 799,
1251 2053 1314 2095 29.
1340 2050 1432 2093 799,
1451 2052 1488 2093 3.

215 2105 308 2157 786,
333 2117 369 2156 7.
400 2104 487 2142 οὐδὲ
515 2104 738 2153 προσφοιτᾷ
769 2117 801 2139 κ.
821 2117 853 2139 τ.
871 2101 926 2150 A]
954 2098 1169 2138 Notantur
1195 2110 1331 2136 mores
1361 2094 1537 2135 hominis
1566 2093 1672 2142 duri,

156 2159 449 2202 intractabilis,
472 2157 644 2198 vitantis
672 2157 761 2196 loca
787 2156 856 2195 ubi
883 2154 1118 2209 frequentia
1146 2159 1211 2194 est
1235 2151 1448 2192 hominum
1474 2150 1670 2190 confabu-

156 2217 343 2257 lantium.
378 2214 629 2256 SOHAEF.

216 2275 398 2326 786,1ο.
438 2272 650 2322 ἀνίδρυτος]
697 2268 963 2323 lassabundus
1002 2266 1195 2305 VVolfius.
1258 2263 1386 2315 Quasi
1428 2262 1674 2303 domicilium

155 2344 232 2369 ozon
252 2328 404 2369 habens.
458 2327 724 2366 Adnotatum
746 2324 880 2378 reperi
903 2340 910 2363 ι
933 2323 1166 2373 Ἀνίδρυτος,
1190 2320 1368 2361 ἀνέστιος
1389 2319 1508 2369 οἶμαι.
1562 2318 1674 2358 Har-

156 2385 345 2440 pocratio
368 2383 539 2437 exponit
561 2383 829 2431 ἀινεξίλαστος.
872 2379 992 2430 Quod
1013 2393 1095 2418 non
1116 2376 1317 2430 intelligo.
1360 2375 1440 2414 Illa
1461 2374 1675 2427 superiora

156 2441 389 2482 rectissima
420 2445 517 2479 sunt-
548 2445 591 2478 et
621 2438 703 2477 vim
731 2436 841 2476 vocis
872 2435 1029 2489 optime
1060 2433 1281 2487 explicant.
1344 2431 1504 2469 Eodem
1533 2430 1672 2470 animo

157 2512 345 2538 morosus
379 2496 444 2536 ille
477 2502 520 2535 et
551 2492 897 2534 consuetudinum
928 2490 1291 2542 amicitiarumque
1322 2501 1428 2534 osor,
1456 2486 1586 2533 Timo,
1619 2486 1672 2525 ab

158 2554 446 2607 Aristophane
483 2551 660 2605 Lysistr.
695 2552 788 2588 820.
822 2553 996 2587 vocatur
1029 2547 1228 2596 ἀνίδρυτος
1263 2543 1359 2590 sive,
1394 2547 1442 2581 ut
1478 2541 1674 2581 scribitur

158 2625 333 2664 quoque,
363 2609 550 2659 ἀΐδρυτος.
587 2605 852 2645 TAYLOR.
914 2603 1008 2650 Est,
1038 2602 1102 2642 cui
1131 2601 1268 2640 nullae
1296 2603 1394 2638 sunt
1425 2602 1566 2638 certae
1593 2599 1673 2637 for-

157 2672 355 2707 tunarum
376 2665 506 2704 sedes.
540 2661 732 2702 REISK.
792 2657 1144 2712 Harpocrationis
1166 2653 1557 2708 interpretationem
1579 2653 1674 2693 huic

158 2722 356 2763 vocabulo
379 2734 596 2774 perperam
619 2716 886 2769 adscriptam,
909 2715 981 2754 sed
1003 2719 1147 2767 aptam
1172 2709 1438 2766 praecedenti
1461 2711 1674 2751 ἄσπειστος

158 2793 247 2819 esse
268 2787 410 2817 monet
433 2776 663 2815 Dobraeus.

218 2836 311 2887 786,
341 2847 402 2873 11.
425 2833 596 2882 ἄμικτος]
624 2828 817 2869 Recurrit
845 2843 883 2881 p.
909 2828 1002 2879 788,
1030 2839 1088 2866 ιο.
1153 2824 1233 2863 llis
1261 2821 1361 2862 loeis
1383 2825 1446 2861 est
1469 2820 1674 2873 significa-

160 2890 286 2930 tionis
307 2889 479 2930 activae.
542 2888 701 2926 Rursus
723 2883 912 2938 passivae
934 2889 997 2922 est
1019 2897 1058 2935 p.
1085 2882 1178 2934 789,
1207 2892 1263 2932 ι7.
1298 2876 1450 2917 SCHA
1460 2875 1550 2915 EF.

218 2948 271 2986 ὧν
293 2947 493 2996 ἄνθρωπος
513 2944 681 2995 μέτριος]
713 2939 897 2980 Subaudi
919 2939 1139 2990 γιγκώσκει.
1174 2933 1425 2976 SCHAEF.
