1997 3256
523 158 848 201 ADVERSUS
884 163 1210 203 LEPTINEM.
1540 165 1624 207 719

109 259 231 298 docet
262 257 510 298 Athenaeus
542 258 738 299 laudatus
771 275 902 313 nuper
932 276 957 301 (1
994 262 1198 301 lnunckio
1228 262 1281 301 ad
1315 262 1439 314 Soph.
1475 261 1621 315 Oedip.

110 314 158 353 T.
190 315 269 366 236
305 327 434 367 seqq„
468 314 536 366 qui
574 327 716 354 sersus
755 316 808 355 ad
846 317 885 355 h.
918 317 942 356 l.
979 318 1208 370 comparati
1249 318 1458 357 docebunt
1499 331 1624 370 quam

108 374 206 422 apte
247 369 396 409 ritibus
433 369 594 410 Atticis
631 371 741 424 apud
777 378 944 424 poetam
983 373 1168 426 Oedipus
1203 387 1488 426 percussorem
1527 373 1623 414 Laii

109 429 373 465 exsecretur:

365 508 447 547 Τὸν
469 508 573 560 ἄνδρ’
592 510 747 549 ἀπαυδῶ
770 513 918 556 τοῦτον,
942 512 1050 552 ὅστις
1072 513 1168 557 ἐστὶ,
1192 514 1261 562 γῆς

367 564 486 613 τῆσδ’,
505 565 548 614 ἧς
570 566 645 614 ἐγὼ
668 566 783 616 κράτη
806 582 847 605 τε
870 568 930 605 καὶ
952 567 1112 616 θρόνους
1134 566 1249 616 νέμω,

364 619 447 669 μήτ’
467 621 730 672 εἰσδέχεσθαι,
753 621 847 670 μήτε
869 625 1123 672 προσφωνεῖν
1143 624 1242 667 τινὰ,

367 675 450 725 μητ’
470 677 512 715 ἐν
535 680 633 716 θεῶν
656 677 811 728 εὐχαῖσι
831 693 925 725 μητε
948 679 1091 724 θύμασι

368 732 498 771 κοινὸν
523 735 730 801 ποιεῖσθαι,
752 749 846 781 μητε
867 731 1056 784 χέρνιβας
1078 731 1221 781 νέμειν,

365 788 480 826 ὠθεῖν
502 787 531 826 6
553 786 615 826 ἀπ’
634 789 750 827 οἴκων
770 787 847 827 πάι
851 804 930 833 τας,
955 788 1004 829 ὡς
1023 787 1238 836 μιάσματος

365 842 465 882 τοῦδ
483 843 574 892 ἡμὶν
595 844 706 884 ὄντος

109 927 210 967 -Jam
238 926 519 973 lustrationes,
542 940 566 966 a
589 925 738 978 quibus
767 926 999 966 homicidae
1028 927 1292 970 arcebantur
1315 928 1404 967 fieri
1433 930 1625 971 solebant

110 987 151 1023 et
174 982 302 1022 sacris
331 982 372 1020 111
400 982 511 1029 locis⁷
535 987 577 1021 et
605 982 645 1020 in
673 983 775 1021 foro.
839 982 937 1022 Vid.
961 983 1156 1022 Aoschin.
1180 983 1220 1022 in
1247 983 1455 1024 Timarch.
1480 1001 1519 1039 p.
1544 989 1621 1041 263

112 1039 160 1078 E.
182 1043 225 1078 et
246 1038 287 1077 111
310 1038 570 1090 Ctesi1‘›h‹j›nt.
593 1052 632 1090 p.
655 1041 736 1091 456
760 1038 810 1077 E.
860 1039 962 1078 Mox
986 1044 1028 1078 et
1050 1042 1230 1079 σπονδῶν
1251 1045 1294 1080 et
1317 1058 1512 1092 κρατηρων
1534 1057 1623 1095 per-

109 1094 216 1135 tinet
250 1095 304 1134 ad
340 1094 554 1134 sacrificia.
624 1094 733 1133 Nam
770 1112 950 1146 κρατηρες
983 1095 1252 1134 libationibus
1287 1096 1475 1136 adhiberi
1512 1099 1624 1139 soliti

109 1150 336 1190 solenniter
356 1155 663 1203 componuntui
684 1164 777 1189 cum
799 1154 1000 1192 σπονδαῖς.
1056 1151 1118 1191 Ut
1141 1151 1209 1190 ()1
1202 1156 1259 1191 1¹t
1283 1152 1414 1191 nostii
1437 1153 1487 1192 de
1511 1155 1624 1195 Fals.

111 1207 214 1261 Leg.
251 1221 290 1259 p.
322 1219 418 1259 431,
458 1218 518 1258 17.
559 1205 767 1256 εΑρμόδιον
809 1209 870 1247 καὶ
909 1206 1343 1258 Ἀριστογείτονα-ἐν
1384 1208 1507 1249 ἅπασι
1547 1215 1626 1253 τοῖς

111 1264 237 1313 ἱεροῖς,
261 1263 324 1302 ἐπὶ
352 1268 434 1304 ταῖς
456 1263 619 1307 θυσίαις,
644 1265 823 1302 σπονδῶν
852 1263 914 1302 καὶ
943 1263 1139 1313 κρατήρων
1166 1264 1370 1305 κοινωνοὺς
1393 1268 1623 1315 πεποίησθε.

110 1318 305 1358 Ceterum
341 1318 449 1358 inest
490 1318 699 1357 vocabulis
740 1319 873 1358 nostri
913 1318 990 1357 loci
1037 1319 1270 1371 conjunctis
1310 1320 1426 1359 notio
1466 1322 1624 1362 ademti

108 1374 284 1414 universi
310 1375 423 1427 juris
462 1373 649 1421 civitati&
687 1377 751 1422 τῆς
791 1376 973 1422 πατρίδος
1013 1376 1074 1413 καὶ
1110 1379 1186 1413 τῶν
1223 1377 1265 1414 ἐν
1300 1377 1417 1428 ταύτῃ
1453 1377 1623 1424 πάντων,

111 1431 172 1469 καὶ
212 1432 332 1469 ὁσίων
367 1431 428 1469 καὶ
466 1432 589 1479 ἱερῶν,
628 1434 675 1469 ut
716 1430 1023 1469 Demosthenes
1064 1430 1248 1483 loquitur
1288 1431 1329 1469 in
1366 1432 1622 1473 Aristocrat.

108 1500 148 1539 p.
173 1488 267 1539 633‚
299 1499 330 1525 1.
377 1484 575 1525 Similiter
607 1485 826 1539 Antiphon
858 1486 976 1526 Orat.
1001 1486 1106 1524 XV.
1135 1501 1172 1539 p.
1198 1489 1291 1537 762.
1325 1489 1526 1538 εἴργεσθαι
1557 1491 1627 1529 πό-

109 1548 220 1588 λεως,
246 1544 370 1592 ἱερῶν,
394 1545 550 1586 θυσιῶν,
574 1542 749 1592 ἀγώνων.
802 1541 923 1581 Conf-
947 1541 1120 1581 Herald.
1143 1542 1198 1581 ad
1222 1542 1254 1581 I.
1279 1543 1332 1582 A.
1355 1548 1397 1582 et
1420 1543 1470 1583 R.
1496 1557 1532 1596 7.
1558 1558 1623 1598 23.

111 1598 159 1636 F.
184 1599 235 1637 A.
262 1597 458 1637 WOLF.

166 1664 265 1707 505,
290 1656 352 1692 18.
377 1653 438 1705 ἐφ’
462 1656 517 1696 οἷς
543 1657 684 1705 ἐξεῖναι
707 1655 998 1709 ἀποκτιννύναι]
1026 1655 1217 1709 Exempli
1239 1669 1396 1704 caussa,
1420 1656 1451 1695 si
1478 1657 1542 1696 cui
1564 1658 1624 1697 vis

109 1709 225 1750 illata
251 1718 373 1752 esset.
401 1724 471 1749 seu
499 1712 717 1751 moechum
744 1711 855 1763 apud
884 1725 1067 1758 uxorem„
1089 1718 1269 1751 matrem
1296 1717 1375 1751 etc.
1399 1712 1625 1765 deprehen-

110 1766 250 1806 disset.
315 1766 356 1804 H
362 1766 395 1805 is
421 1767 554 1806 modis
578 1767 645 1821 qui
669 1767 837 1807 caedem
858 1772 1081 1819 patrasset.
1105 1782 1197 1807 eum
1221 1768 1360 1807 Draco
1381 1768 1510 1808 voluit
1535 1783 1625 1809 esse

110 1822 247 1876 culpae
269 1822 464 1869 insmtenz,
489 1825 670 1874 καθαρὸν,
694 1825 819 1868 ὅσιον,
845 1825 975 1873 εὐαγῆ,
1000 1825 1140 1876 ἀθῷον.
1180 1824 1295 1864 Cous.
1321 1823 1452 1864 Potiti
1473 1824 1624 1864 librum

110 1893 233 1931 saepe
256 1878 374 1918 nobis
396 1879 614 1919 laudatum
636 1894 674 1932 p.
699 1881 793 1931 619.
827 1880 877 1917 F.
901 1879 954 1918 A.
984 1879 1180 1919 WoLF.

167 1935 327 1986 ἐξεῖναι]
360 1934 596 1974 Infinitivus
627 1935 787 1989 regitur
813 1950 839 1974 (1
866 1934 1042 1974 formula
1075 1935 1135 1986 ἐφ’
1159 1937 1227 1983 οἷς,
1258 1935 1525 1989 comparabili
1556 1935 1626 1976 illa

110 2004 204 2030 cum
225 1990 382 2043 vulgari
408 1990 469 2040 ἐφ’
493 1989 521 2044 ᾧ
543 2006 575 2031 s
601 1990 662 2042 ἐφ’
686 1989 714 2044 ᾦ
736 2007 790 2030 τε.
825 1991 1082 2030 SCHAEF.

165 2058 263 2099 505.
284 2059 349 2096 27.
371 2047 459 2087 τοὺς
480 2047 724 2100 εὑρομένους]
745 2046 975 2100 Participio
997 2047 1125 2087 tacite
1147 2047 1245 2087 addi
1267 2048 1392 2088 debet
1414 2048 1529 2100 χάριν
1550 2052 1626 2088 aut

109 2102 221 2152 τιμήν
241 2118 328 2142 τινα
350 2116 372 2142 6
393 2102 614 2156 prioribus,
637 2103 752 2154 χάριν
776 2105 1023 2152 κομίσασθαι.
1057 2104 1104 2142 F.
1129 2104 1183 2143 A.
1209 2104 1405 2144 WOLF.

168 2157 448 2212 Δημοφάντου]
473 2158 716 2198 Columnam
739 2158 1035 2212 Demophanti,
1054 2160 1093 2199 h.
1109 2174 1144 2198 (3.
1163 2159 1458 2213 populiscitum
1479 2160 1625 2200 statim

109 2219 206 2268 post
227 2218 399 2254 exactos
425 2219 626 2268 tyrannos
651 2219 823 2255 auctore
844 2214 912 2254 illo
937 2215 1222 2267 (Δημοφάντου
1250 2218 1443 2265 εἰπόντος)
1466 2216 1625 2256 factum

109 2275 152 2310 ct
178 2270 393 2310 columnae
421 2271 471 2310 de
498 2285 612 2310 more
640 2271 907 2324 insculptum,
932 2276 1100 2324 praeter
1128 2276 1317 2311 nostrum
1343 2272 1518 2312 laudant
1544 2272 1626 2311 duo

109 2331 310 2374 oratores,
334 2326 574 2367 Andocides
603 2328 653 2367 de
686 2328 812 2380 Myst.
840 2342 879 2380 p.
901 2328 969 2377 48.
993 2332 1035 2367 et
1058 2328 1277 2381 Lycurgus
1304 2327 1346 2367 in
1370 2329 1563 2368 Leocrat.
1585 2343 1626 2381 p.

112 2395 188 2436 225
224 2396 338 2435 seqq.
371 2388 414 2423 et
444 2383 484 2422 in
515 2383 653 2436 priore
684 2383 833 2422 horum
865 2383 992 2423 etiam
1027 2389 1218 2423 servatur
1252 2384 1428 2424 formula
1459 2383 1627 2437 jurisju-

109 2438 229 2478 randi
258 2443 347 2478 tum
376 2440 621 2492 perscripta,
651 2454 673 2478 e
701 2454 784 2492 qua
811 2453 860 2479 ea
890 2454 1111 2492 apponam,
1139 2454 1245 2492 quae
1273 2444 1417 2480 nostro
1446 2454 1628 2480 consona

111 2499 209 2534 sunt
236 2494 427 2535 maxime.
486 2494 585 2534 Ἐάν
605 2512 662 2536 τις
691 2496 850 2534 κτείνων
871 2498 958 2534 τινὰ
985 2495 1160 2544 ἀποθάνῃ
1182 2494 1204 2544 ἢ
1231 2497 1450 2547 ἐπιχειρῶν,
1474 2496 1515 2534 εὖ
1543 2512 1628 2535 ποι-

110 2551 192 2599 ήσω
215 2551 332 2590 αὐτόν
353 2567 395 2590 τε
421 2552 482 2590 καὶ
508 2551 594 2592 τοὺς
620 2554 760 2592 παῖδας
780 2551 867 2592 τοὺς
897 2552 1057 2596 ἐκείνου,
1083 2551 1254 2601 καθάπερ
1274 2550 1482 2601 Ἀρμόδιόν
1503 2567 1543 2590 τε
1565 2551 1628 2591 καὶ

110 2605 432 2657 Ἀριστογείτονα
473 2607 534 2645 καὶ
573 2606 661 2648 τοὺς
705 2607 924 2656 ἀπογόνους
964 2607 1102 2645 αὐτῶν.
1165 2606 1251 2646 Ubi
1292 2607 1420 2646 verba
1460 2610 1627 2646 tantum

111 2662 240 2702 habes
266 2662 359 2709 alia,
382 2677 470 2702 rem
498 2663 684 2702 eandem.
748 2661 815 2701 Sic
842 2663 891 2701 ἄν
916 2663 971 2703 τίς
996 2679 1031 2702 τι
1058 2661 1160 2712 πάθῃ
1187 2667 1251 2702 est
1278 2677 1353 2716 pro
1375 2662 1458 2711 illo,
1483 2663 1552 2702 ἐάν
1572 2679 1629 2705 τις

113 2719 301 2772 ἀποθάνῃ,
324 2718 630 2772 euphemismus
652 2717 906 2758 notissimus.
941 2719 990 2757 F.
1016 2718 1068 2757 A.
1095 2717 1291 2758 WOLF.

169 2777 265 2826 506,
289 2776 327 2813 6.
351 2779 428 2814 τῶν
456 2775 799 2827 παρεληλυθότων]
830 2773 945 2813 Infra
966 2789 1001 2813 v.
1026 2787 1086 2812 10.
1109 2776 1156 2813 τὰ
1177 2774 1250 2825 πρὸ
1276 2777 1354 2814 τοῦ.
1387 2776 1434 2814 τὰ
1459 2779 1628 2824 παρελη-

113 2831 258 2869 λυθότα
285 2844 316 2870 s.
347 2833 395 2870 τὰ
422 2831 495 2882 πρὸ
523 2835 590 2870 τοῦ
623 2835 721 2870 sunt
752 2844 853 2883 (lusce
885 2830 1113 2869 aeciderunt
1143 2836 1234 2869 ante
1265 2830 1379 2881 lenem
1409 2845 1435 2870 α
1462 2830 1629 2884 Leptine

115 2885 239 2925 latam
255 2903 267 2925 .·
300 2889 347 2925 τὰ
367 2886 581 2936 μέλλοντα,
604 2901 703 2941 quae
716 2893 853 2940 postea
874 2886 1073 2926 accidant.
1110 2887 1226 2925 SCH
1234 2888 1269 2925 A
1280 2887 1370 2925 EF.
