1997 3256
956 708 1150 755 XXIV.

545 868 700 920 ADV
712 868 945 919 ERSUS
1007 864 1557 918 Ἱ’11ΧἸ()(,’ῘΗΛΤ1Ξ1“11.

873 1031 1221 1055 rw*

354 1169 519 1210 HAssrrA
556 1176 619 1210 est
661 1170 763 1209 haee
800 1169 934 1209 oratio
974 1169 1177 1209 archonte
1212 1168 1409 1216 Eudemo,
1447 1167 1608 1222 Olymp.
1651 1172 1736 1209 106.
1766 1184 1806 1219 4.

297 1225 468 1280 Dionys.
494 1226 630 1266 Halic.
660 1226 699 1264 in
730 1225 864 1278 Epist.
893 1225 945 1264 ad
976 1225 1225 1264 Aminaeum
1251 1239 1285 1264 c.
1308 1242 1344 1274 4.
1378 1225 1442 1264 vol
1483 1227 1521 1264 6.
1551 1241 1589 1278 p.
1617 1236 1709 1278 725.
1746 1227 1808 1265 ἐπὶ

295 1286 336 1323 δὲ
369 1284 546 1332 Εὐδήμου
575 1286 641 1321 τοῦ
671 1284 767 1331 μετὰ
803 1282 991 1330 Διότιμον
1022 1284 1209 1331 ἄρξαντος
1244 1283 1311 1321 τόν
1347 1298 1388 1321 τε
1422 1284 1517 1320 κατὰ
1547 1282 1809 1330 Τιμοκράτους

295 1341 420 1391 λόγον
443 1340 594 1390 ἔγραψε
628 1338 810 1390 Διοδώρῳ
842 1339 892 1390 τῷ
926 1338 1092 1388 κρίνοντι
1124 1338 1356 1388 παρανόμων
1383 1337 1448 1377 τὸν
1475 1338 1718 1387 Τιμοκράτην
1747 1339 1809 1376 καὶ

295 1395 364 1434 τὸν
388 1396 475 1445 περὶ
503 1397 567 1443 τῆς
596 1397 939 1444 Μεγαλοπολιτῶν
965 1394 1151 1442 βοηθείας
1180 1393 1446 1444 δημηγορικὸν,
1476 1392 1521 1432 ὃν
1548 1393 1660 1435 αὐτὸς
1687 1394 1808 1444 ἀπηγ-

295 1457 416 1502 γειλε.
482 1449 669 1489 Plurima
699 1449 828 1488 habet
856 1449 1091 1488 communia
1123 1463 1216 1489 cum
1250 1448 1318 1488 illa
1348 1449 1495 1497 altera,
1526 1463 1632 1502 quae
1663 1449 1810 1489 habita

293 1511 359 1546 est
391 1511 537 1545 contra
573 1504 903 1545 Androtionem:
940 1503 1063 1557 idque
1092 1519 1173 1544 non
1207 1504 1368 1549 mirum,
1397 1519 1490 1545 cum
1521 1505 1730 1545 Androtio
1766 1510 1809 1544 et

295 1560 555 1601 Timocrates
583 1561 625 1600 in
653 1560 867 1614 republica
895 1560 1228 1601 administranda
1256 1562 1391 1601 dicam
1422 1576 1475 1601 an
1503 1561 1810 1615 pessumdanda

293 1617 528 1658 arctissimo
565 1616 674 1657 inter
709 1631 751 1656 se
787 1617 953 1656 foedere
984 1616 1345 1672 conjungerentur,
1379 1622 1421 1657 et
1453 1617 1562 1657 idem
1593 1617 1809 1670 utriusque

293 1678 514 1714 accusator
548 1672 747 1726 prodiret,
786 1672 971 1726 quisquis
1009 1673 1175 1712 demum
1207 1673 1343 1721 fuerit,
1383 1674 1606 1713 Diodorus.
1684 1673 1809 1713 Unde

293 1730 431 1769 evenit
461 1735 508 1769 ut
538 1728 815 1768 Androtionis
847 1729 1033 1769 facinora
1067 1730 1270 1782 quaedam
1299 1729 1445 1769 iisdem
1472 1729 1694 1783 utrobique
1725 1730 1808 1769 fere

294 1785 428 1826 verbis
449 1789 695 1824 recenseret.
728 1785 880 1824 Confer

408 1842 590 1881 Androt.
670 1855 710 1894 p.
734 1842 827 1893 607,
855 1843 1081 1894 23.-610‚
1111 1843 1172 1881 16.

674 1912 712 1950 p.
737 1900 834 1950 613,
865 1909 921 1935 12.
928 1897 1060 1936 —fin.

410 1952 638 1993 Timocrat.
672 1967 711 2006 p.
737 1963 832 2007 750,
887 1963 1085 2007 2.-752
1111 1964 1175 1991 22.

674 2024 711 2061 p.
738 2019 830 2062 753
861 2010 921 2048 16
929 2010 1085 2062 ——758,
1112 2020 1176 2049 22

296 2063 407 2103 Vide
429 2063 659 2117 Ulpianum
688 2064 754 2103 hic
781 2065 835 2104 ad
857 2079 896 2117 p.
921 2075 942 2116 7
947 2075 1014 2118 50,
1040 2077 1073 2104 2.
1137 2064 1395 2104 Gravissima
1422 2078 1522 2105 sane
1544 2064 1680 2104 oratio
1703 2071 1745 2105 et
1768 2065 1808 2104 in

294 2120 436 2173 primis
476 2119 747 2159 admirabilis.
825 2119 932 2159 Eam
972 2120 1116 2173 utique
1156 2119 1189 2158 si
1226 2135 1318 2159 oum
1362 2121 1566 2174 Leptinea
1606 2122 1810 2169 conferas,

293 2175 488 2223 invenies,
505 2180 552 2215 ut
571 2189 722 2229 genere
743 2175 876 2214 laudis
897 2175 1055 2228 pariter
1073 2176 1283 2222 excellere,
1298 2176 1359 2216 ita
1375 2176 1610 2230 argumenti
1632 2176 1808 2225 ratione,

294 2230 327 2269 si
358 2231 421 2270 fas
452 2231 507 2270 sit
542 2245 635 2270 cum
666 2231 814 2270 scholis
846 2231 969 2283 loqui
993 2231 1152 2271 directe
1183 2233 1457 2284 ἀντιστοιχεῖν.
1522 2231 1571 2271 111
1601 2232 1670 2272 illa
1700 2233 1810 2272 enim

293 2287 534 2340 popularem
567 2287 700 2340 legem
737 2301 897 2326 summa
932 2301 1026 2326 cum
1056 2287 1318 2327 humanitate
1351 2288 1630 2334 commendat,
1658 2287 1700 2326 in
1732 2288 1810 2328 hac

294 2342 467 2382 similem
492 2357 575 2382 non
602 2342 751 2382 minori
781 2357 874 2382 cum
902 2343 1124 2383 severitate
1153 2343 1376 2396 improbat.
1438 2342 1497 2383 Et
1522 2358 1621 2383 sane
1642 2344 1810 2397 quicun-

294 2412 373 2451 que
405 2398 460 2438 ad
500 2399 622 2451 hujus
656 2398 877 2438 lectionem
912 2399 1074 2438 accedit
1110 2399 1259 2439 Attica
1295 2399 1626 2462 jurispiudentia
1665 2400 1812 2440 levite1

294 2452 490 2497 imbutus
525 2469 686 2494 summa
723 2469 816 2494 cum
853 2454 1067 2508 10111111ῐαῒθ
1107 2455 1217 2508 leget
1252 2455 1485 2495 mationem
1519 2460 1561 2495 et
1598 2456 1810 2509 glaxitate

294 2510 530 2562 aigumenti
564 2516 605 2549 et
638 2510 854 2550 liteiaium
886 2510 1096 2564 elegantia
1128 2515 1170 2550 et
1201 2511 1389 2550 acumine
1420 2510 1574 2564 ingenii
1603 2525 1697 2551 cum
1728 2510 1810 2550 De—

294 2565 647 2605 mosthenicalum
688 2566 750 2605 xel
791 2565 960 2619 optimis
1000 2566 1323 2606 conferenda-m:
1368 2571 1415 2606 ut
1452 2567 1546 2619 jure
1596 2566 1809 2619 scripserit

296 2619 410 2660 Theo
432 2635 470 2673 p.
492 2634 556 2673 5.:
609 2621 814 2660 κάλλιστοι
843 2625 920 2661 τῶν
945 2623 1140 2671 δημοσίων
1165 2623 1312 2673 λόγων,
1337 2623 1379 2661 ἐν
1401 2623 1457 2664 οἷς
1485 2623 1570 2672 περὶ
1594 2623 1711 2672 νόμου
1732 2639 1767 2661 τι
1787 2621 1809 2671 ἢ

294 2678 550 2727 ψηφίσματος
583 2678 900 2728 ἀμφισβητεῖται.
935 2677 1039 2728 λέγω
1068 2680 1109 2717 δὲ
1137 2679 1204 2717 τόν
1231 2694 1273 2717 τε
1305 2679 1392 2728 περὶ
1425 2678 1623 2728 στεφάνου
1655 2679 1716 2716 καὶ
1743 2677 1810 2716 τὸν

296 2734 392 2770 κατὰ
412 2732 690 2782 Ἀνδροτίωνος
710 2734 771 2772 καὶ
792 2733 1053 2784 Τιμοκράτους
1078 2738 1156 2772 etc.
1181 2734 1344 2773 Rursus
1366 2748 1404 2786 p.
1429 2745 1494 2772 21.
1522 2733 1635 2785 (edit.
1659 2732 1808 2772 Batav.

300 2788 462 2838 1626.):
498 2788 764 2838 εὐπορήσομεν
793 2790 834 2827 δὲ
867 2789 927 2827 καὶ
956 2790 1084 2838 νόμων
1115 2790 1342 2838 ἀνασκευῆς,
1369 2791 1577 2840 πολλαχοῦ
1605 2790 1678 2838 μὲν
1706 2791 1810 2839 παρὰ

296 2843 495 2883 πλείστοις
534 2847 609 2882 τῶν
647 2845 830 2894 ῥητόρων,
870 2844 1131 2883 ε’ντελέστατα
1171 2846 1212 2884 δὲ
1252 2847 1356 2895 παρὰ
1393 2844 1641 2893 Δημοσθένει
1682 2846 1724 2883 ἐν
1758 2845 1809 2898 τῷ

299 2900 393 2936 κατὰ
408 2899 668 2947 Τιμοκράτους
691 2900 751 2938 καὶ
766 2899 1087 2949 Ἀριστοκράτους
1109 2901 1169 2939 καὶ
1191 2900 1286 2950 πρὸς
1308 2901 1515 2948 Λεπτίνην.
1544 2899 1809 2939 TAYLOR.
