1997 3256
312 129 394 170 6922
608 129 696 170 FR.
726 131 778 169 A.
807 129 1030 170 WOLFII
1065 129 1523 171 PROLEGOMENA

312 235 568 276 contributio
590 235 862 275 trierarchica
883 235 972 275 fieri
995 234 1191 289 coeperit,
1210 234 1311 274 nihil
1334 235 1488 275 diserte
1505 234 1555 274 de
1577 248 1624 275 eo
1647 234 1825 274 relatum

313 292 523 338 invenias3
560 297 701 332 tamen
734 305 862 344 quum
894 291 937 330 id
969 291 1211 332 institutum
1243 290 1386 344 primis
1417 291 1537 332 annis
1570 290 1826 345 Olympiadis

316 350 407 388 106.
425 348 600 388 valuisse
622 362 682 395 ea,
707 362 812 400 quae
840 348 964 387 modo
986 347 1145 401 scripsi,
1169 347 1400 387 luculenter
1420 352 1668 396 monstrent,
1689 347 1825 387 oratio

310 409 451 444 autem
473 404 673 444 adversus
692 403 900 457 Polyclem
922 404 1046 444 fidem
1067 403 1209 452 faciat,
1227 404 1389 457 Olymp.
1413 417 1503 454 104,
1517 418 1555 453 4.
1578 404 1619 443 id
1640 403 1825 444 nondum

310 460 351 499 in
382 475 459 500 usu
490 460 640 500 fuisse:
675 460 924 513 relinquitur
948 475 1031 500 una
1055 460 1217 514 Olymp.
1243 471 1349 512 105„
1371 459 1412 498 in
1434 474 1516 514 qua
1547 459 1665 500 initia
1695 460 1826 500 latere

310 516 544 557 videantur.
607 517 750 570 Atque
782 517 877 556 huic
900 516 1205 570 computationi
1227 515 1367 555 forsan
1389 516 1517 556 etiam
1541 516 1706 556 aliunde
1733 530 1826 569 pro-

310 573 506 613 babilitas
528 573 625 613 addi
648 572 780 626 possit
795 572 826 612 d.

215 636 298 678 109
369 629 466 669 Hac
498 629 627 684 igitur
657 629 821 669 ratione
851 643 899 669 ac
922 628 1200 683 descriptione
1230 642 1306 682 pro
1336 627 1609 668 fundamento
1634 643 1732 667 usus
1762 633 1826 668 est

313 685 618 726 Demosthenes
640 685 681 724 in
704 685 819 725 novis
850 685 1041 733 consiliis,
1067 700 1172 739 quae
1194 685 1235 724 in
1258 699 1305 724 ea
1329 683 1534 733 oratione,
1558 699 1682 738 quam
1703 684 1826 739 vulgo

216 748 298 787 110
311 743 398 793 περὶ
439 746 660 793 συμμοριῶν
700 741 943 789 inscribunt,
987 742 1204 796 proposuit
1250 746 1351 788 tum,
1395 755 1522 793 quum
1563 741 1827 780 Artaxerxes

312 798 452 838 Ochus
473 798 781 851 expeditionem
803 798 844 838 in
863 798 1142 838 Athenienses
1164 798 1351 838 facturus
1374 796 1604 836 dicebatur.
1649 796 1827 847 Quando

311 854 419 894 enim
448 854 625 908 populus
652 855 706 894 ad
738 855 864 895 istum
894 869 1102 894 rumorem
1124 852 1370 894 tumultuari
1393 858 1602 906 coeperat,
1627 853 1827 907 quasique

311 911 458 950 ducem
480 925 690 964 quaerere,
714 911 784 964 qui
806 911 1011 951 instructo
1034 910 1218 950 exercitu
1242 909 1382 949 Persis
1404 909 1514 949 ultro
1537 909 1702 949 obviam
1733 924 1826 963 pro—

311 968 489 1014 cederet,
523 972 668 1007 orator
700 967 968 1007 temerarium
1004 967 1047 1007 id
1083 981 1171 1007 esse
1203 966 1358 1014 videns,
1396 980 1471 1005 nec
1506 970 1649 1005 tamen
1681 970 1827 1020 aperte

312 1023 556 1063 dissuadere
577 1028 653 1063 aut
675 1024 875 1064 damnare
896 1038 1033 1070 ausus,
1057 1023 1172 1076 prius
1194 1022 1355 1062 censuit
1377 1022 1428 1062 de
1450 1022 1596 1062 bellico
1617 1026 1826 1076 apparatu

312 1079 597 1133 cogitandum,
636 1084 678 1119 et
715 1094 895 1132 quonam
935 1080 1060 1119 modo
1096 1079 1241 1132 copiae
1282 1083 1503 1132 suppetere
1544 1078 1827 1132 propulsando

311 1141 433 1175 tanto
464 1135 572 1175 bello
606 1141 775 1188 possent
791 1143 817 1174 Θ.
880 1136 1029 1189 Itaque
1061 1135 1111 1174 de
1143 1135 1273 1175 classe
1305 1140 1345 1175 et
1383 1134 1629 1175 trierarchia
1662 1134 1827 1188 quaerit

310 1191 586 1245 potissimum.
649 1191 732 1231 Sed
760 1191 861 1230 nihil
886 1192 971 1231 fere
1002 1191 1116 1231 aliud
1147 1191 1250 1245 agit,
1272 1191 1350 1230 nisi
1382 1196 1429 1231 ut
1460 1191 1677 1239 rationem,
1702 1205 1827 1244 quam

311 1248 614 1301 descripsimus.
634 1248 829 1302 corrigat,
848 1249 1063 1288 turbatam
1081 1248 1293 1295 restituat,
1312 1247 1554 1287 restitutam
1576 1262 1681 1287 novo
1702 1247 1827 1287 modo

312 1304 490 1344 ordinet.
553 1304 660 1344 Nam
683 1319 810 1358 quum
832 1304 953 1343 nimis
981 1304 1100 1344 multi
1123 1319 1173 1343 ex
1194 1304 1272 1343 illis
1294 1304 1402 1343 mille
1425 1317 1473 1344 ac
1495 1303 1685 1343 ducentis
1707 1317 1827 1343 excu-

219 1367 296 1406 111
313 1360 495 1400 sationes
526 1360 705 1400 obeundi
736 1360 918 1400 muneris
949 1360 1193 1407 haberentf,
1223 1360 1437 1414 postulare
1468 1359 1616 1413 coepit,
1644 1364 1691 1399 ut
1721 1359 1827 1413 lege—

311 1422 458 1457 rentur
479 1417 645 1456 omnino
668 1417 749 1456 duo
770 1416 908 1457 millia.
971 1417 1036 1456 Ex
1058 1417 1134 1465 his,
1158 1417 1300 1457 demta
1330 1416 1599 1456 multitudine
1631 1430 1827 1456 excusan-

1104 1547 1218 1577 mosth.
1229 1548 1300 1576 adv.
1314 1547 1469 1576 Boeotum
1483 1546 1515 1575 iu
1529 1552 1666 1576 mentem
1681 1546 1827 1582 recurrit,

1104 1596 1178 1620 ante
1202 1590 1342 1629 prolatus
1366 1589 1418 1619 ille
1442 1599 1536 1628 supra
1560 1599 1589 1628 p.
1611 1587 1821 1629 94.[=617.]

1104 1633 1158 1671 qui
1181 1639 1212 1662 et
1235 1632 1301 1671 ipse
1322 1631 1494 1662 offensione
1517 1641 1580 1661 non
1600 1638 1695 1661 caret.
1742 1631 1827 1661 Nam

311 1545 388 1575 litur
398 1546 436 1576 de
446 1551 586 1584 tempore
598 1545 748 1576 orationis
760 1545 933 1584 Midianae,
941 1557 1036 1585 quam

313 1590 352 1618 ad
370 1588 499 1628 Olymp.
517 1597 585 1627 107,
600 1598 630 1626 4.
649 1589 847 1619 referendam
864 1598 929 1618 9559
944 1589 1037 1619 hodie

312 1638 403 1661 extra
416 1631 646 1661 dubitationem
663 1632 798 1670 positum
816 1638 872 1660 est.
906 1631 946 1660 V.
960 1632 1037 1661 Pro·

313 1673 477 1712 legomena
494 1674 531 1703 ad
549 1684 628 1704 eam.
667 1674 704 1703 G.
724 1673 965 1712 DINDORF.]

360 1715 377 1738 d
404 1716 555 1746 Tentavit
582 1716 642 1746 hoc
666 1717 767 1746 facere
794 1727 833 1746 ex
860 1723 940 1746 orat.
964 1717 1036 1746 adv.

314 1759 479 1798 Euergum
496 1765 527 1789 et
543 1759 763 1788 Mnesibulum
782 1759 905 1789 Petitus
922 1769 950 1797 p.
962 1758 1036 1797 366.

315 1802 369 1831 Isti
398 1808 505 1832 tamen
529 1808 719 1841 argumento
743 1812 807 1831 non
833 1802 1035 1838 confiderem,

312 1844 372 1874 nisi
389 1844 449 1873 alia
463 1850 566 1874 essent
582 1851 613 1874 et
629 1845 759 1882 majora.
806 1845 866 1874 Sed
890 1844 975 1874 locus
991 1851 1038 1875 est

312 1888 395 1926 apud
413 1887 537 1916 Isaeum
561 1888 599 1917 de
618 1887 764 1926 Apollod.
784 1886 890 1917 hered.
907 1897 938 1926 p.
954 1888 1035 1924 184„

312 1930 366 1968 qui
387 1929 472 1959 locus
488 1930 620 1959 acutiori
644 1929 750 1960 lectori
776 1937 916 1959 nostram
940 1930 1035 1959 ratio-

313 1983 385 2002 nem
412 1972 558 2002 nonnihil
585 1973 714 2002 turbare
740 1972 835 2011 possit
858 1972 968 2002 videri.
1000 1972 1036 2002 ‘O

312 2013 369 2051 μὲν
381 2014 440 2053 ’γὰρ
457 2015 557 2053 πατὴρ
571 2015 664 2044 αὐτοῦ
680 2013 737 2044 τάς
749 2026 785 2044 τε
799 2014 899 2044 ἄλλας
916 2013 1038 2045 ἁπάσας

312 2056 508 2095 λειτουργίας
538 2056 793 2095 λελειτούργηκε,
818 2057 867 2087 καὶ
897 2069 1038 2096 τριηραρ-

313 2101 381 2137 χῶν
396 2100 452 2129 τὸν
467 2098 568 2128 πάντα
586 2098 701 2137 χρόνον
717 2098 906 2129 διετέλεσεν·
931 2100 986 2129 οὐκ
1003 2101 1037 2129 ἐκ

314 2142 481 2180 συμμορίας
497 2141 555 2177 τὴν
571 2143 644 2171 ναῦν
660 2141 876 2178 ποιησάμενος,
891 2142 993 2175 ὥσπερ
1010 2142 1038 2172 οἱ

313 2185 376 2221 νῦν,
389 2183 462 2214 ἀλλ’
477 2185 511 2213 ἐκ
526 2185 589 2213 τῶν
602 2185 696 2213 αὑτοῦ
713 2185 863 2213 δαπανῶν·
885 2183 953 2213 οὐδὲ
972 2184 1037 2213 δεύ-

313 2238 402 2265 τερος
418 2227 509 2256 αὐτὸς
525 2227 576 2259 ὤν,
591 2226 675 2256 ἀλλὰ
690 2225 875 2261 καταμόνας’
897 2227 968 2256 οὐδέ
984 2226 1036 2256 δύο

313 2268 368 2305 ἔτη
385 2269 543 2305 διαλιπών,
561 2268 645 2298 ἀλλὰ
661 2271 802 2307 συνεχῶς
818 2281 846 2298 κ.
860 2281 888 2298 τ.
907 2274 938 2298 λ.
987 2269 1037 2299 Ita

313 2311 344 2341 h.
359 2312 378 2341 l.
396 2312 639 2351 symmoriarum
654 2313 731 2341 ordo
746 2318 950 2349 memoratur,
964 2319 1036 2341 tan-

313 2365 408 2393 quam
426 2365 527 2392 nuper
542 2354 717 2384 institutus.
767 2354 846 2384 Isaei
863 2361 970 2385 autem
987 2365 1037 2385 ae-

313 2404 360 2427 tas
391 2397 496 2436 paullo
536 2397 678 2436 superior
710 2404 767 2432 est,
797 2397 912 2436 quippe
942 2407 1035 2436 quem

313 2439 537 2470 Demosthenis
563 2440 750 2479 magistrum
773 2439 868 2470 fuisse
893 2441 1035 2470 tradunt.

314 2482 469 2512 Universe
503 2482 615 2521 aliquis
653 2483 850 2521 respondeat,
883 2490 914 2512 et
952 2483 1035 2512 illius

311 2525 460 2554 orationis
474 2532 504 2554 et
519 2525 653 2554 aliarum
671 2525 879 2563 plurimarum
893 2526 1034 2563 ejusdem

311 2568 447 2597 auctoris
471 2568 567 2597 dubia
589 2574 620 2597 et
645 2568 765 2598 incerta
792 2575 934 2606 tempora
958 2578 1032 2598 esse.

312 2610 370 2640 Sed
397 2610 507 2640 melior
534 2611 694 2648 responsio
722 2618 831 2649 parata
853 2617 900 2640 est
924 2620 963 2640 ex
987 2620 1034 2648 eo,

311 2654 393 2691 quod
418 2652 509 2691 plura
526 2653 618 2682 fidem
638 2653 770 2689 faciunt,
790 2653 914 2683 Isaeum
931 2653 1034 2683 adhuc

312 2695 420 2732 primis
451 2695 543 2724 annis
570 2695 707 2734 Philippi
736 2696 908 2735 regnantis,
933 2696 963 2724 id
987 2703 1033 2725 est

312 2737 528 2776 ()l)·mp.105.,
541 2748 603 2767 non
614 2741 707 2767 modo
717 2739 914 2777 superstitem
927 2738 1032 2775 fuisse,

311 2781 361 2809 sed
380 2786 410 2809 et
426 2781 541 2809 caussis
565 2781 734 2810 scribendis
756 2791 883 2819 operam
902 2781 1033 2811 dedisse.

311 2822 383 2850 vid.
411 2822 532 2851 Jonesii
570 2823 643 2852 Not.
673 2824 712 2852 ad
742 2823 867 2853 Isaeum
897 2823 1034 2862 Angliee

311 2863 500 2893 translatum
512 2875 540 2903 p.
551 2864 618 2894 162.
630 2875 691 2904 seq.
726 2865 815 2895 Alter
827 2865 912 2895 locus
923 2875 961 2895 ex
972 2865 1034 2895 De-

1104 1675 1128 1704 si
1151 1675 1220 1714 quis
1244 1682 1365 1714 premat
1392 1674 1579 1712 particulam
1603 1674 1827 1711 disjunctivam

1104 1718 1133 1753 55,
1150 1723 1216 1753 ant,
1234 1717 1323 1747 facile
1346 1717 1419 1747 inde
1435 1718 1575 1753 extricet,
1594 1724 1663 1746 tum
1680 1717 1828 1756 temporis

1104 1760 1261 1789 nihildum
1279 1760 1457 1800 symmoriis
1470 1770 1637 1790 commune
1648 1759 1744 1790 fuisse
1755 1770 1828 1789 cum

1104 1803 1298 1833 trierarchia„
1346 1803 1445 1841 Atqui
1466 1802 1536 1832 licet
1560 1812 1616 1832 nec
1638 1802 1736 1840 hujus
1757 1812 1827 1832 ora-

1105 1846 1198 1875 tionis
1221 1855 1342 1875 annum
1358 1845 1556 1884 exploratum
1580 1845 1762 1882 habeamus,
1779 1851 1827 1875 ta-

1104 1898 1177 1918 men
1191 1888 1349 1927 probabile
1359 1895 1415 1924 est,
1426 1898 1499 1918 eum
1510 1888 1646 1918 incidere
1656 1888 1689 1917 in
1697 1887 1825 1927 Olymp.

1108 1931 1176 1960 108.
1214 1931 1287 1960 vid.
1305 1931 1436 1970 Dionys.
1454 1930 1526 1959 Hal.
1540 1931 1578 1960 de
1591 1930 1755 1960 Dinarcho
1766 1931 1826 1960 vol.

1105 1983 1132 2011 5.
1152 1984 1180 2012 p.
1200 1973 1272 2013 665.
1298 1974 1375 2003 bene
1398 1980 1571 2003 correctum
1596 1983 1614 2002 a
1638 1973 1770 2003 Corsino
1791 1973 1827 2002 F.

1104 2016 1146 2044 A.
1164 2016 1224 2046 vol.
1242 2025 1271 2053 4.
1290 2026 1320 2054 p.
1339 2025 1389 2054 30.
1436 2016 1524 2053 Quid
1540 2017 1640 2054 ergo?
1686 2016 1757 2045 Aut
1775 2015 1828 2045 illo

1104 2068 1190 2088 anno
1205 2059 1449 2098 symmoriarurn
1470 2059 1635 2097 descriptio
1658 2068 1786 2096 prorsus
1809 2068 1828 2088 a

1104 2101 1284 2131 trierarchis
1315 2101 1455 2140 neglecta
1482 2107 1538 2137 est,
1566 2106 1632 2138 aut,
1659 2100 1750 2130 aliter
1775 2111 1826 2130 ac-

1105 2150 1193 2182 cepto
1209 2143 1285 2179 loco,
1305 2144 1350 2172 vis
1367 2143 1538 2181 particulae
1561 2144 1668 2173 minus
1690 2150 1736 2173 est
1759 2153 1828 2182 pre-

1104 2187 1229 2215 menda.
1270 2185 1413 2215 Omnino
1429 2186 1488 2215 hoc
1504 2192 1702 2224 praeceptum
1718 2191 1825 2216 tenea-

1104 2238 1175 2257 mus
1191 2229 1224 2257 in
1241 2228 1380 2264 historia,
1392 2235 1428 2258 ut
1442 2229 1623 2258 testimonia
1639 2228 1827 2266 scriptorum

1104 2270 1282 2300 obscuriora
1298 2280 1336 2300 ex
1353 2271 1401 2306 iis,
1416 2281 1496 2310 quae
1512 2270 1595 2300 clara
1610 2278 1641 2300 et
1664 2271 1827 2310 perspicua

1104 2320 1189 2349 sunt,
1208 2313 1408 2352 explicemus.
1459 2313 1525 2352 [De
1548 2320 1687 2351 tempore
1709 2314 1825 2343 oratio-

1103 2355 1152 2385 nis
1191 2357 1340 2386 adversus
1373 2356 1527 2385 Boeotum
1558 2357 1596 2386 de
1619 2355 1756 2386 inomine
1787 2357 1826 2386 ab

1105 2398 1238 2428 Corsino
1260 2399 1293 2427 in
1315 2408 1452 2428 errorem
1469 2406 1516 2428 est
1532 2398 1692 2434 inductus,
1710 2399 1748 2428 de
1764 2409 1826 2438 quo

1103 2451 1132 2470 v.
1146 2451 1225 2479 quae
1241 2441 1274 2470 in
1294 2441 1414 2479 proleg.
1430 2442 1467 2469 ad
1485 2442 1658 2471 orationem
1675 2441 1761 2470 illam
1777 2441 1825 2471 di-

1103 2491 1225 2513 centur.
1257 2484 1294 2513 G.
1323 2483 1563 2522 DINDORF.]

1146 2530 1161 2548 θ
1186 2527 1276 2556 Conf.
1295 2526 1426 2567 Dionys.
1442 2526 1546 2556 Halic.
1558 2526 1631 2556 Art.
1645 2526 1738 2556 Rhet.
1753 2527 1778 2561 ξ.
1796 2536 1824 2565 7.

1102 2575 1133 2598 et
1151 2578 1197 2599 10.

1146 2611 1158 2635 f
1175 2611 1289 2641 Variae
1302 2612 1433 2642 fuerunt
1446 2611 1526 2641 illae.
1564 2611 1689 2640 Partem
1707 2610 1826 2648 profert

1102 2662 1208 2683 orator
1226 2664 1255 2693 p.
1276 2654 1343 2684 182.
1395 2654 1505 2690 Quare
1532 2663 1595 2682 non
1623 2660 1668 2683 est
1695 2653 1826 2691 mirum,

1101 2696 1125 2726 si
1146 2696 1285 2733 vulgaris
1308 2707 1384 2726 usus
1407 2696 1553 2735 loquendi
1578 2706 1634 2734 pro
1658 2695 1742 2725 mille
1764 2696 1825 2725 du-

1101 2739 1198 2769 centis
1223 2739 1296 2768 olim
1324 2739 1490 2777 usurpavit
1518 2738 1612 2768 mille.
1663 2738 1758 2775 Quod
1785 2748 1825 2768 ex

1101 2781 1269 2820 deperditis
1297 2781 1492 2810 orationibus
1522 2780 1645 2810 notavit
1669 2781 1823 2819 Harpocr.

1102 2834 1130 2852 v.
1149 2823 1248 2861 χίλιοι
1263 2823 1450 2853 διακόσιοι*.

410 2956 426 2971 *
452 2954 542 2984 Conf.
564 2956 743 2986 Boerkhius
759 2957 797 2986 de
814 2956 932 2986 Oecon.
950 2955 1038 2994 polit.
1056 2954 1245 2985 Atheniens.
1260 2955 1318 2985 vol.
1340 2964 1366 2985 2.
1386 2967 1413 2995 p.
1434 2955 1484 2992 64.
1525 2954 1711 2985 sCHAEF.
