1997 3256
321 146 405 188 970
690 145 1012 185 ADVERSUS
1046 145 1464 186 TIMOORATEM.

320 253 645 294 Zinnnermanni
677 254 946 308 Ephemerid.
970 255 1109 309 philol.
1134 270 1171 295 a.
1194 255 1315 309 1837.
1336 270 1376 308 p.
1400 255 1513 307 487„
1541 254 1611 308 qui
1642 253 1697 294 ibi
1728 254 1830 294 alios

320 325 483 364 quoque
513 311 624 350 10000
656 311 807 351 similes
831 311 1028 351 Isocratis
1051 311 1427 364 Demosthenisque
1453 311 1564 351 inter
1594 325 1637 350 se
1666 325 1831 365 compa-

319 367 439 407 ravit.
503 367 758 417 Quibuscum
786 368 1035 408 conferenda
1057 382 1162 420 quae
1183 368 1234 407 de
1260 367 1360 407 locis
1388 381 1438 407 ex
1460 367 1582 407 Isaeo
1603 367 1656 407 ab
1680 367 1832 406 Demo-

319 423 466 464 sthene
488 423 693 476 expiessis
715 423 894 463 diximus
915 424 969 464 ad
990 439 1028 478 p.
1055 426 1148 487 874
1176 436 1194 462 2
1210 437 1238 463 1.

379 490 472 532 701,
492 493 556 532 13.
589 496 721 531 περι-
737 479 840 534 ἐστὶ]
876 480 1052 520 Sensus:
1087 480 1154 519 Sic
1185 480 1314 534 101·1111
1345 479 1423 519 1100
1454 479 1589 532 ipsum
1625 493 1668 519 00
1703 480 1832 520 habet,

323 536 366 588 (i.
391 550 424 575 e.
448 535 617 575 maximi
640 535 755 575 xobis
776 537 975 576 momenti
997 539 1093 587 est).
1116 540 1363 589 oporteatne
1376 561 1446 574 —.
1494 535 1604 576 SCH
1611 535 1742 576 A.EF

380 603 472 644 701.
499 605 546 645 23
556 605 719 645 -702.
746 605 810 632 20.
845 593 1005 632 Eadem
1026 593 1111 632 fere
1133 593 1316 632 A.ndlot
1339 592 1471 632 initio.
1515 591 1690 631 DOBR.

378 660 471 701 701.
497 661 561 702 23.
593 650 668 688 ἀπὸ
699 666 766 688 του
797 649 1040 701 πράγματος]
1085 649 1199 689 Citat
1228 649 1267 688 h.
1290 649 1314 688 l.
1339 648 1651 711 Halpocration
1673 663 1709 688 v
1730 646 1830 688 Ἀπὸ

318 708 384 743 τοῦ
406 705 639 756 πράγματος.
663 719 737 759 per
757 706 794 745 ἐι
784 709 911 745 -ωθευ
929 705 1150 759 explicans
1169 705 1240 745 00(1
1262 719 1402 745 errore
1423 704 1646 744 memmiae
1664 704 1830 744 Andro-

316 760 477 801 tianam
518 776 592 814 pro
630 761 897 802 Timocratea
936 762 1122 802 laudans.
1166 761 1359 802 REISK.
1420 762 1494 801 ἄπο
1524 761 1565 801 S.
1588 761 1643 800 Y.
1665 761 1713 802 Ο.
1737 776 1767 801 S.
1791 776 1829 801 v.

318 817 369 856 V.
397 818 539 858 Melet.
560 818 662 859 Crit.
683 833 724 872 p.
745 831 811 872 51.
851 818 1103 859 SCHAEF.

375 875 450 925 ἐγὼ
472 875 730 928 γὰρ-λέγω]
766 874 881 915 0111111
904 875 1040 914 Rufus
1062 890 1099 928 p.
1127 876 1191 928 83.
1238 873 1488 915 SCHAEF.

374 929 468 982 γὰρ]
503 930 614 969 Nihil
645 931 710 970 hic
740 931 870 979 deest,
891 931 1000 984 quod
1020 931 1201 971 wolfius
1230 930 1464 984 suspicatus
1493 936 1556 970 est
1585 944 1666 970 non
1692 935 1829 971 atten-

317 986 417 1025 dens
438 986 503 1025 ille
525 987 579 1026 ad
600 1001 718 1026 usum
741 987 971 1040 particulae
993 990 1079 1039 γὰρ,
1105 987 1174 1040 qui
1196 987 1262 1026 hic
1284 987 1459 1027 obtinet.
1504 1001 1646 1041 nempe,
1669 987 1829 1036 scilicet,

315 1042 521 1081 nimirum.
567 1042 763 1083 REISK.

372 1099 526 1151 ἄνδρες]
567 1099 735 1140 Omittit
760 1100 906 1140 Rufus.
954 1099 1207 1139 SCHAEF.

375 1166 470 1207 701,
494 1156 558 1195 26.
583 1157 699 1207 θεοῖς]
736 1160 835 1196 θεῶν
857 1156 1002 1195 Rufus.
1050 1156 1303 1196 SCHAEF.

372 1211 649 1265 Ἀνδροτίωνα]
686 1213 936 1264 Ἄιιδροτίωιτ
968 1212 1113 1251 Rufus.
1177 1212 1298 1263 Quod
1328 1211 1512 1266 praefert
1543 1211 1827 1253 Boissonadus

314 1267 367 1307 ad
391 1267 529 1307 Tibei.
552 1283 591 1321 p.
614 1281 695 1321 47..
717 1283 783 1308 me
805 1268 972 1322 quidem
993 1283 1075 1308 non
1097 1269 1382 1309 dissentiente.
1431 1268 1485 1308 V.
1509 1275 1596 1309 not.
1618 1269 1672 1309 ad
1695 1284 1734 1323 p.
1759 1271 1825 1322 96,

315 1338 353 1376 3.
382 1337 445 1377 23.
468 1323 710 1375 Ἰφικράτους
737 1326 842 1376 λέγω
864 1339 903 1378 p.
925 1336 1045 1378 1457,
1070 1338 1128 1379 15.
1191 1325 1289 1365 Fuit
1322 1339 1415 1364 cum
1445 1325 1509 1364 1110
1540 1325 1580 1364 10
1611 1325 1828 1366 locutioni-

314 1381 391 1420 bus
431 1380 564 1434 massis
604 1382 758 1434 plobn
761 1396 825 1421 em
859 1391 1069 1421 accu5‘1tlx
1075 1396 1153 1421 um
1203 1381 1257 1421 V.
1284 1382 1373 1421 Ind.
1402 1382 1455 1422 ad
1485 1382 1627 1422 Melet.
1653 1382 1754 1422 Crit.
1781 1397 1822 1436 p.

325 1439 410 1490 163.
434 1437 471 1477 11.
504 1451 678 1491 meaque
710 1438 751 1476 in
785 1438 987 1478 Lobeckii
1011 1438 1204 1478 Addend.
1228 1439 1281 1478 ad
1311 1437 1499 1491 Sophocl.
1526 1439 1642 1491 Ajac.
1665 1454 1706 1492 p.
1728 1451 1825 1492 443.

314 1493 499 1547 itemque
531 1502 615 1534 not.
643 1495 697 1534 ad
729 1495 920 1549 Sophocl.
944 1494 1020 1534 vol.
1048 1508 1080 1534 1.
1105 1510 1143 1548 p.
1172 1508 1265 1548 232.
1327 1495 1458 1543 Nunc.
1492 1495 1569 1535 etsi
1605 1501 1828 1548 utramque

314 1550 667 1590 constructionem
698 1552 873 1604 probam
904 1565 992 1591 esse
1023 1552 1127 1591 bene
1158 1551 1355 1605 intelligo,
1377 1557 1520 1591 tamen
1550 1551 1631 1591 huc
1662 1551 1825 1600 inclino,

314 1614 361 1646 ut
394 1606 433 1645 in
465 1607 666 1646 librorum
697 1607 885 1648 dissensu
922 1608 1197 1661 posthabeam
1227 1607 1520 1647 accusativum.
1583 1608 1710 1662 Cujus
1741 1607 1827 1661 opi-

313 1662 447 1702 nionis
470 1678 575 1716 quae
597 1678 742 1704 caussa
774 1664 826 1704 sit
855 1664 981 1704 etiam
1007 1668 1174 1704 tacente
1199 1679 1264 1704 me
1293 1664 1548 1718 intelligitur.
1612 1665 1762 1718 Itaque
1784 1663 1826 1703 in

313 1719 509 1773 Aeschyli
542 1720 580 1759 S.
611 1734 644 1759 c.
668 1720 744 1760 Th.
773 1722 868 1760 660.
902 1720 1170 1774 praetulerim
1204 1722 1450 1769 Πολυνείκει,
1482 1720 1571 1760 1000
1607 1721 1664 1761 010
1700 1721 1826 1761 inter-

312 1782 480 1829 puncto,
503 1781 550 1816 ut
571 1790 704 1831 nuper
724 1777 983 1831 interpunxit
1006 1777 1282 1817 wellauerus.
1328 1776 1580 1817 SCHAEF.

373 1844 464 1885 702.
487 1847 526 1881 4.
563 1833 838 1883 αἰτιασάμενος
868 1833 940 1884 γάρ
968 1851 1013 1883 με
1048 1851 1080 1873 κ.
1103 1851 1135 1873 τ.
1159 1835 1213 1884 λ.]
1251 1833 1303 1873 V.
1326 1848 1365 1887 p.
1390 1845 1485 1887 593,
1508 1846 1586 1882 11.,
1609 1832 1679 1873 ubi
1710 1832 1825 1873 locus

312 1888 377 1928 hic
399 1889 551 1943 legitur
570 1904 703 1942 paene
725 1889 869 1930 iisdem
892 1890 1040 1930 verbis.
1086 1890 1284 1929 REISK.

372 1958 465 1997 702,
488 1959 546 1998 15.
572 1947 632 1986 καὶ
654 1961 734 1986 0111.
758 1947 811 1986 A.
835 1946 1004 2000 (aliique
1027 1946 1165 1997 codd.)
1232 1945 1363 1986 Uncis
1384 1945 1541 1985 inclusi.
1587 1946 1642 1986 V.
1663 1961 1703 2000 p.
1729 1956 1822 2000 703,

315 2013 378 2041 12.
444 2002 661 2054 Utraeque
698 2002 807 2042 enim
842 2003 934 2042 illae
969 2002 1168 2056 pecuniae
1208 2003 1396 2056 publicae
1433 2017 1505 2042 seu
1540 2001 1654 2042 urbis
1689 2007 1823 2042 erant.

314 2058 531 2098 Sententia
563 2064 650 2098 est:
685 2059 837 2098 multas
869 2059 1092 2099 habentem
1123 2059 1318 2112 pecunias
1349 2064 1438 2099 tam
1462 2058 1679 2099 Minervae
1701 2072 1827 2112 quam

312 2114 538 2167 Eponymis
567 2129 717 2155 sacra-5.
743 2129 848 2168 quae
879 2116 1026 2155 amlme
1058 2120 1155 2154 sunt
1186 2115 1300 2155 urbis
1332 2129 1462 2168 eoque
1493 2115 1642 2155 aerarii
1671 2114 1825 2169 publici

311 2171 515 2224 propriae.
558 2170 753 2210 REISK.
816 2171 1016 2225 Copulam
1058 2172 1305 2211 servandam
1346 2186 1434 2211 esse
1470 2171 1592 2212 docet
1633 2171 1699 2212 ille
1738 2171 1826 2225 ipse

310 2225 435 2275 100110,
459 2241 581 2280 quem
604 2227 797 2267 Reiskius
818 2227 974 2267 citavit.
1030 2227 1195 2267 Scilicet
1217 2231 1263 2267 τὰ
1286 2230 1368 2278 ἱερὰ
1389 2227 1566 2280 χρήματα
1587 2231 1652 2277 τῆς
1673 2229 1826 2270 πόλεως

311 2287 408 2322 sunt
429 2285 476 2322 τὰ
497 2287 562 2333 τῆς
579 2287 668 2323 θεοῦ
692 2285 752 2323 καὶ
774 2288 850 2323 τῶν
867 2286 1089 2334 ἐπωῑύμωυ,
1109 2283 1182 2323 sed
1204 2286 1251 2323 τὰ
1273 2285 1364 2323 ὅσια
1385 2288 1482 2323 sunt
1504 2287 1551 2323 τὰ
1572 2287 1637 2334 τῆς
1658 2285 1824 2326 πόλεως.

313 2338 428 2378 Conf.
457 2354 562 2393 quae
598 2354 694 2379 mox
731 2345 963 2394 sequuntur
990 2355 1026 2380 v.
1052 2352 1118 2392 29.
1181 2340 1305 2379 Adde
1335 2340 1457 2393 quod‚
1491 2340 1628 2381 deleta
1663 2340 1823 2394 copula,

310 2394 378 2434 vix
418 2394 635 2450 intelligas.
671 2396 770 2450 quid
805 2402 1015 2436 oratorem
1056 2396 1231 2437 moverit
1267 2402 1313 2436 ut
1349 2399 1414 2446 τῆς
1448 2398 1599 2438 πόλεως
1633 2397 1821 2437 adderet.

313 2452 564 2492 SCHAEF.
627 2453 736 2492 Vide
757 2467 811 2492 an
833 2452 1007 2492 delenda
1030 2454 1090 2492 καὶ
1110 2456 1175 2502 τῆς
1196 2457 1359 2494 πόλεως.
1402 2452 1580 2492 DOBR.

371 2521 466 2560 702,
483 2522 547 2550 20.
569 2509 1063 2562 βουλοίμηυ-βούλομαι]
1100 2509 1289 2549 Adverte
1309 2509 1423 2549 verbi
1444 2509 1708 2549 iterationem
1727 2513 1825 2562 post,

312 2564 522 2603 tantulum
544 2565 737 2618 spatium.
781 2565 1030 2605 SCHAEF.

371 2632 464 2672 702,
484 2633 546 2660 21.
569 2624 637 2660 τοῦ
659 2623 699 2660 ὃὲ
720 2621 1026 2674 πράγματος-]
1052 2622 1262 2662 Videntur
1279 2622 1484 2675 quaedam
1501 2621 1655 2661 deesse.
1705 2621 1823 2661 Haec

311 2676 419 2716 0111111
441 2691 491 2716 cx
513 2678 693 2730 abrupto
715 2678 942 2717 adduntur.
978 2677 1170 2717 WOLF.
1234 2677 1345 2717 Nihil
1367 2679 1485 2718 deest
1514 2677 1700 2730 satisque
1725 2682 1824 2731 apte

312 2732 414 2772 haec
437 2738 585 2773 coeunt
611 2733 980 2773 antecedentibus:
1014 2735 1057 2773 τὸ
1080 2738 1237 2785 πρᾶγμα
1258 2734 1377 2783 0111111,
1402 2735 1607 2788 nemmem,
1631 2734 1682 2773 de
1703 2748 1823 2787 pecu-

310 2788 397 2828 latu
421 2789 696 2830 Androtionis
719 2789 1044 2843 intelligendum.
1091 2791 1339 2830 SCI-IAEF.

372 2857 463 2896 702,
486 2858 550 2896 24.
575 2847 717 2897 αὐτοῖς]
755 2847 890 2886 Abest
914 2847 966 2886 ab
989 2848 1042 2886 A.
1105 2847 1198 2887 Non
1221 2847 1401 2887 otiosum
1423 2852 1499 2887 est.
1543 2860 1662 2899 super
1682 2846 1742 2887 his
1763 2846 1823 2900 ip-

310 2900 364 2939 sis
384 2900 504 2949 rebus,
528 2902 568 2941 h.
592 2917 625 2941 c.
651 2902 749 2950 unis.
772 2902 876 2942 solis.
919 2903 1112 2943 REISK.

372 2969 463 3006 702,
491 2970 552 3009 25.
578 2961 839 3008 δικαστηρίοιν
862 2959 987 3011 δυοῖν]
1029 2959 1079 2998 V.
1105 2959 1157 2999 ad
1179 2974 1217 3012 p.
1244 2972 1335 3012 703,
1364 2973 1398 2999 2.
