1997 3256
562 146 886 187 ADVERSUS
921 147 1247 187 LEPTINEM.
1578 148 1661 191 649

148 255 233 296 nat,
257 253 332 289 τῶν
354 250 395 289 δὲ
416 249 723 304 oligarchicam.
787 252 903 301 Quae
925 256 1157 304 sequnntur
1178 252 1315 296 verba,
1339 251 1426 292 τοὺς
1447 252 1486 300 ἐξ
1507 251 1657 298 ἄστεος,

147 306 267 345 facile
300 305 478 358 cuipiam
511 306 672 359 possint
705 312 898 360 suspecta
932 307 1072 347 videri.
1135 309 1197 346 At
1225 321 1273 346 ea
1307 306 1370 345 bis
1402 310 1586 346 testatur
1618 306 1659 345 in

148 361 372 414 exemplari
404 376 478 400 suo
510 376 553 401 se
584 362 779 402 habuisse
808 363 1016 403 Aristides
1039 364 1137 402 Art.
1168 363 1276 402 rhet.
1304 377 1341 414 p.
1364 376 1461 412 444.
1484 366 1526 401 et
1547 364 1660 415 456„

146 422 190 457 et
230 417 396 456 omnino
437 417 538 457 talia
571 418 882 471 perspicuitatis
915 433 1013 472 ergo
1053 418 1199 458 addita
1231 433 1313 457 non
1346 418 1573 457 abhorrent
1605 419 1659 457 ab

146 472 399 526 optimorum
431 478 648 513 auctorum
689 474 999 514 consuetudine.
1033 477 1143 513 τοῦτο
1176 478 1241 513 est
1265 474 1482 526 pecuniam
1515 474 1557 512 1ιή
1584 487 1660 526 pu-

145 527 289 568 blicum
316 529 505 581 confiwre.
529 536 575 569 ut
604 530 749 569 statim
777 530 963 569 ostendit
991 529 1186 575 clausula,
1209 529 1251 567 τὸ
1275 531 1382 581 κοινῇ
1412 531 1592 568 διαλῦσαι
1613 531 1661 568 τὰ

144 584 334 636 χρήματα.
397 584 512 635 Quae
551 586 677 625 verba
718 586 751 624 si
792 586 998 632 abessent,
1041 585 1294 623 subobscure
1335 583 1433 622 illud
1474 587 1584 623 τοῦτο
1618 588 1661 623 et

146 639 287 693 inepte
319 640 476 680 dictum
502 641 620 681 f‘.01et
686 642 840 680 Locum
872 646 1010 680 tetum
1040 639 1246 693 expressit
1276 638 1484 678 Alistides
1516 639 1555 677 in
1580 639 1661 678 De-

146 695 262 735 clam.
291 696 455 749 Leptin
480 698 517 748 ξ.
542 699 610 747 67.
635 698 706 736 sed
728 696 943 750 pueiilitel
964 710 1038 748 pro
1060 710 1174 734 more
1196 709 1282 734 suo.
1323 695 1371 733 F.
1391 694 1441 733 A.
1464 694 1520 731 W
1526 694 1654 733 OLF.

202 753 299 801 460,
331 766 388 803 19.
412 756 610 801 διαλῦσαι]
635 754 897 792 διαλύσασθαι
919 751 1158 804 A1·isti(l.p.
1184 763 1275 791 222.
1322 749 1513 789 hEISK.

202 809 299 857 460.
318 819 381 846 22.
400 813 478 850 πῶς
500 810 568 848 οὖν
582 809 626 847 οὐ
644 808 850 861 ὃεινὸν-]
879 808 1004 846 Teme
1025 820 1191 860 quomam
1212 820 1351 845 caussa
1373 812 1453 845 tam.
1472 820 1517 859 [71
1521 820 1564 845 m
1567 820 1659 854 rose,

146 869 227 902 tam
249 863 642 916 liberaliterfedstis,
662 864 810 902 hostes
832 863 1188 915 cestrifzcerant;
1223 876 1346 901 minc
1361 861 1430 914 qui
1445 869 1663 915 exspectant

144 918 312 958 similem
348 918 637 967 liberalitatem,
658 919 881 971 fautores
912 925 1001 957 sunt
1033 918 1226 971 beneque
1253 918 1305 957 (le
1336 916 1459 957 vobis
1488 918 1661 958 meriti.

152 975 279 1013 Tunc
308 974 415 1014 illud
427 975 600 1027 jecisti&
630 989 682 1014 oze
709 975 902 1014 mentiri
930 974 1249 1019 vicleremi2zi‚·
1282 987 1403 1012 nunc
1430 974 1662 1026 idem-faci-

145 1030 310 1075 undam,
340 1037 389 1069 ut
420 1031 554 1083 prati
585 1031 864 1070 videamini.
938 1030 1065 1070 Tunc
1098 1044 1170 1070 res
1204 1029 1451 1082 difficilis
1472 1030 1591 1082 fecit,
1627 1036 1662 1070 et

137 1085 313 1137 pecunia
334 1086 535 1138 privatim
562 1086 784 1140 eroqandm
824 1100 849 1126 71
861 1100 882 1125 ιι
895 1100 948 1125 710
975 1086 1102 1126 nihil
1129 1100 1245 1139 opus
1270 1085 1494 1138 amplius,
1523 1100 1662 1139 quam

145 1148 196 1181 ut
224 1156 388 1181 novam
417 1142 559 1196 leyem
585 1141 842 1196 abrosyetiS.
904 1142 987 1182 Tot
1019 1141 1232 1182 antitheta
1266 1156 1348 1180 una
1379 1142 1455 1181 hac
1491 1142 1661 1194 periodo

145 1197 301 1237 inclusa
323 1203 420 1238 sunt
448 1198 684 1238 admirabili
713 1203 816 1243 arte,
841 1198 959 1249 cujus
988 1198 1177 1251 exempla
1204 1197 1245 1236 in
1274 1211 1355 1236 11110
1378 1197 1661 1238 Demosthene

145 1259 315 1294 exstant
342 1254 463 1307 plura
492 1269 615 1307 quam
644 1255 685 1293 in
713 1254 880 1307 reliquis
903 1254 1153 1294 Oratoribus
1182 1253 1385 1292 omnibus.
1450 1253 1565 1303 Quae
1593 1268 1662 1293 ars

145 1315 350 1362 quantum
385 1311 521 1350 valeat
555 1311 609 1350 ad
643 1310 804 1350 animos
838 1310 1050 1363 pellendos
1087 1324 1207 1349 nemo
1243 1323 1326 1348 non
1362 1309 1503 1348 sentit.
1543 1309 1660 1349 Conf.

148 1365 375 1405 Minucian.
397 1381 437 1419 p.
464 1378 559 1418 732.
603 1368 652 1406 F.
675 1368 731 1406 A.
758 1366 951 1405 WOLF.

201 1423 297 1472 460,
331 1435 395 1469 24.
431 1423 631 1473 εἰσφέρειν
663 1422 903 1475 ἠθελήσατε]
939 1421 1144 1475 Perpauci
1175 1435 1226 1460 ex
1263 1420 1325 1466 iis,
1360 1420 1429 1473 qui
1464 1424 1563 1459 tunc
1594 1435 1663 1473 pe-

145 1477 310 1517 cuniam
331 1478 611 1525 contulerant,
632 1479 756 1531 hujus
773 1477 919 1530 judicii
947 1482 1112 1530 tempus
1133 1490 1207 1530 per
1227 1480 1411 1515 aetatem
1435 1480 1663 1528 potuerunt

144 1533 367 1587 attingele.
429 1533 633 1573 Nimirum
670 1534 771 1574 haec
808 1538 872 1573 est
908 1533 1166 1573 consuetudo
1201 1532 1427 1571 Oratorum
1468 1532 1661 1578 solennis,

143 1589 341 1642 populum
375 1594 577 1643 tanquam
608 1604 832 1643 perennem
863 1594 938 1629 aut
971 1593 1215 1642 perpetuam
1246 1601 1465 1641 pelsonam
1495 1588 1661 1640 alloqui,

145 1644 264 1698 eique
284 1650 331 1685 ut
353 1645 439 1685 ab
430 1660 520 1698 lpso
542 1646 655 1686 facta
676 1646 872 1691 tribuer,e
893 1658 1162 1698 quaecunque
1179 1659 1228 1698 pl
1231 1643 1386 1683 1011bus
1404 1643 1663 1696 temp011bus

144 1700 309 1753 publice
336 1706 434 1741 acta
459 1707 611 1742 essent.
666 1702 722 1740 Τὸ
743 1703 870 1750 ὑμεῖς
892 1702 986 1741 ὅταν
1010 1703 1118 1746 εἴπω,
1142 1700 1211 1748 τὴν
1232 1701 1349 1739 πόλιν
1370 1699 1490 1750 λέγω,
1512 1699 1663 1739 alicubi

145 1756 247 1796 dicit
274 1762 429 1797 noster.
471 1758 521 1797 F.
544 1757 597 1797 A.
623 1757 816 1797 WOLF.
878 1756 931 1796 V.
970 1771 1076 1810 quae
1109 1755 1275 1809 collegit
1308 1755 1582 1795 Schoemann.
1609 1756 1664 1795 ad

148 1811 314 1852 Isaeum
334 1828 376 1866 p.
403 1825 496 1864 277.

202 1870 301 1919 460,
335 1880 399 1922 25.
432 1871 480 1908 τὰ
510 1870 637 1908 δίκαια
664 1872 823 1918 ποιῆσαι
858 1872 938 1909 τοῖς
971 1868 1202 1920 εὐεργέταις]
1243 1867 1433 1906 Accedat
1465 1867 1663 1920 exemplis

145 1923 269 1977 hujus
304 1924 626 1964 constructionis
658 1939 763 1978 quae
799 1923 1009 1978 congessit
1045 1923 1260 1963 Matthiae
1296 1924 1482 1962 Gramm.
1518 1924 1589 1962 Gr.
1625 1925 1661 1976 ξ.

144 1992 241 2032 409.
285 1980 536 2020 SOHAEF.

202 2038 298 2086 460,
325 2049 391 2086 27.
422 2037 489 2075 οὐκ
516 2036 622 2089 ἀξιῶ]
644 2036 863 2089 Ῑφῑίῖζφῑῑιηι
888 2050 1027 2075 censeo.
1056 2035 1110 2074 V.
1136 2035 1194 2074 H.
1223 2033 1427 2087 Stephani
1461 2034 1661 2074 Thesaur.

146 2106 185 2144 p.
212 2104 316 2143 2117
343 2092 389 2131 B.
413 2092 476 2131 ed.
502 2092 634 2131 Lond.
677 2091 928 2131 SOHAEF.

203 2150 299 2197 461,
325 2161 360 2187 2.
401 2147 443 2186 τὸ
473 2149 513 2187 δὲ
539 2151 606 2187 τοῦ
635 2147 769 2188 θέντος
799 2148 868 2187 τὸν
899 2146 1037 2198 νόμον]
1072 2145 1258 2185 Subaudi
1288 2145 1394 2194 ἦθος.
1456 2147 1517 2185 Τὰ
1543 2147 1661 2192 ἄλλα,

146 2210 287 2249 cetera,
322 2204 553 2256 ciwteioqziin.
622 2203 705 2243 Οὐκ
734 2203 829 2249 οἶδα,
858 2204 946 2242 οὐδὲ
979 2203 1152 2241 σύνοιδα.
1215 2201 1355 2241 Multa
1381 2201 1471 2254 quis
1503 2201 1583 2241 οἶδε
1614 2202 1665 2241 (10

146 2259 298 2313 aliquo,
330 2259 441 2299 fama
471 2259 525 2299 ad
552 2273 595 2298 se
628 2259 801 2312 perlata,
838 2259 888 2298 de
922 2257 1071 2311 quibus
1103 2257 1284 2303 dubitat,
1317 2262 1392 2297 aut
1422 2271 1504 2296 non
1535 2257 1664 2297 audet

145 2315 432 2368 pronunciare,
467 2329 565 2354 vera
605 2315 690 2354 sint
729 2329 782 2354 an
823 2314 938 2362 falsa,
972 2327 1078 2366 quae
1115 2313 1203 2366 ipse
1248 2312 1414 2365 quidem
1450 2312 1506 2351 illi
1550 2313 1663 2352 haud

147 2372 339 2410 σύνοιδεν.
400 2370 561 2409 Velum
599 2371 704 2410 alius
746 2371 924 2410 σύνοιδεν
966 2368 1102 2416 11110111,
1144 2369 1249 2408 h.e.
1293 2368 1480 2407 conscius
1522 2368 1558 2408 ei
1600 2373 1664 2408 est

147 2440 301 2473 eorum,
326 2440 433 2479 quae
454 2431 569 2466 certo
597 2425 723 2474 novit,
746 2431 789 2466 et
817 2425 937 2465 testis
964 2424 1152 2464 oculatus
1177 2428 1242 2464 est
1270 2438 1364 2463 eum
1385 2428 1662 2477 perpetrasse,

145 2481 314 2521 tametsi
348 2495 490 2520 eorum
525 2481 627 2520 nihil
658 2495 733 2534 per
766 2482 920 2520 famam
956 2480 1220 2533 compererit.
1258 2480 1352 2526 οἶδε,
1387 2479 1455 2532 qui
1489 2480 1663 2527 audivit,

147 2538 313 2585 σύνοιδε,
342 2537 411 2590 qui
443 2537 542 2576 cidit
569 2541 643 2576 aut
670 2537 867 2590 intmfioit.
930 2536 998 2576 Ita
1024 2535 1228 2575 Reiskius.
1290 2535 1362 2574 Ad
1392 2538 1548 2574 σκοπῶν
1570 2549 1663 2588 sup—

146 2593 342 2646 plendum
363 2593 406 2631 τὸ
428 2596 496 2631 τοῦ
518 2592 651 2633 θεντος
671 2592 775 2641 ἦθος,
798 2592 853 2631 ad
873 2593 1009 2631 τούτου
1030 2595 1173 2630 autem
1194 2594 1261 2629 τοῦ
1282 2607 1345 2639 της
1366 2591 1519 2631 πολεως
1535 2590 1662 2639 ηθους.

147 2649 342 2689 Ceterum
368 2649 458 2701 jam
485 2662 593 2687 nunc
627 2648 819 2687 observes
851 2647 971 2687 velim
1001 2660 1125 2700 quam
1156 2646 1301 2685 timide
1333 2650 1376 2685 et
1406 2645 1556 2685 lenite1
1582 2646 1663 2685 De-

145 2704 385 2744 mosthenes
406 2704 487 2743 adv
490 2703 691 2743 ersmium
712 2707 883 2743 tractet.
925 2703 975 2741 F.
998 2704 1054 2741 A.
1082 2701 1276 2741 WOLF.

202 2761 302 2809 461,
322 2773 361 2812 3.
391 2760 478 2798 οὐδὲ
509 2759 762 2810 λεγω-οὐὸὲ
793 2757 973 2811 σύνοιδα]
1009 2757 1127 2796 Haec
1159 2755 1390 2810 syntactice
1421 2756 1660 2804 cohaerent,

146 2819 324 2868 utloque
351 2815 477 2855 velbo
505 2819 677 2869 legente
704 2813 986 2854 accusativum
1008 2816 1188 2864 φλαῦρον
1213 2812 1339 2851 οὐδέν.
1402 2811 1540 2862 Quale
1568 2813 1662 2851 sub-

147 2870 455 2910 distinctionem
476 2876 573 2923 post
594 2871 706 2910 οὐδὲν
728 2870 868 2910 delevi.
912 2868 1165 2910 SCHAEF.

203 2928 299 2976 461,
322 2937 362 2979 5.
386 2928 560 2979 σκοπῶν]
588 2925 756 2966 Scilicet
777 2927 820 2965 τὸ
842 2925 934 2975 ἠθος
955 2927 1022 2963 τοῦ
1042 2925 1247 2963 Λεπτίνου.
1291 2921 1484 2962 REISK.
