<?xml version="1.0" encoding="UTF-8"?>
<!DOCTYPE html PUBLIC "-//W3C//DTD XHTML 1.0 Transitional//EN"
    "http://www.w3.org/TR/xhtml1/DTD/xhtml1-transitional.dtd">
<html xmlns="http://www.w3.org/1999/xhtml" xml:lang="en" lang="en">
 <head>
  <title>
</title>
<meta http-equiv="Content-Type" content="text/html;charset=utf-8" />
  <meta name='ocr-system' content='tesseract 3.04.00' />
  <meta name='ocr-capabilities' content='ocr_page ocr_carea ocr_par ocr_line ocrx_word'/>
</head>
<body>
  <div class='ocr_page' id='page_1' title='image "./operaexrecension06demouoft/operaexrecension06demouoft_0319.png"; bbox 0 0 1997 3256; ppageno 0'>
   <div class='ocr_carea' id='block_1_1' title="bbox 498 146 1670 190">
    <p class='ocr_par' dir='ltr' id='par_1_1' title="bbox 498 146 1670 190">
     <span class='ocr_line' id='line_1_1' title="bbox 498 146 1670 190; baseline -0.001 -3"><span class='ocrx_word' id='word_1_1' title='bbox 498 147 820 187; x_wconf 78' lang='lat' dir='ltr'><strong>ADVERSUS</strong></span> <span class='ocrx_word' id='word_1_2' title='bbox 853 146 1337 188; x_wconf 80' lang='lat' dir='ltr'>ARISTOGRATEM.</span> <span class='ocrx_word' id='word_1_3' title='bbox 1587 147 1670 190; x_wconf 88' lang='lat'>905</span> 
     </span>
    </p>
   </div>
   <div class='ocr_carea' id='block_1_2' title="bbox 157 250 1684 3004">
    <p class='ocr_par' dir='ltr' id='par_1_2' title="bbox 157 250 1677 1373">
     <span class='ocr_line' id='line_1_2' title="bbox 157 250 1673 307; baseline -0.002 -13"><span class='ocrx_word' id='word_1_4' title='bbox 157 252 501 307; x_wconf 75' lang='lat' dir='ltr'>praecedentibus</span> <span class='ocrx_word' id='word_1_5' title='bbox 533 252 668 292; x_wconf 87' lang='lat' dir='ltr'>verbis</span> <span class='ocrx_word' id='word_1_6' title='bbox 699 257 740 292; x_wconf 90' lang='lat' dir='ltr'>et</span> <span class='ocrx_word' id='word_1_7' title='bbox 771 251 869 292; x_wconf 87' lang='lat' dir='ltr'>alibi</span> <span class='ocrx_word' id='word_1_8' title='bbox 900 267 983 291; x_wconf 88' lang='lat' dir='ltr'>non</span> <span class='ocrx_word' id='word_1_9' title='bbox 1015 266 1112 292; x_wconf 86' lang='lat' dir='ltr'>raro</span> <span class='ocrx_word' id='word_1_10' title='bbox 1146 253 1378 304; x_wconf 76' lang='grc' dir='ltr'>ἀτυχοῦντες</span> <span class='ocrx_word' id='word_1_11' title='bbox 1407 250 1673 305; x_wconf 82' lang='lat' dir='ltr'>appellantur</span> 
     </span>
     <span class='ocr_line' id='line_1_3' title="bbox 159 308 1673 363; baseline -0.002 -14"><span class='ocrx_word' id='word_1_12' title='bbox 159 315 366 363; x_wconf 86' lang='lat' dir='ltr'>quatenus</span> <span class='ocrx_word' id='word_1_13' title='bbox 387 308 748 348; x_wconf 86' lang='lat' dir='ltr'>commiseratione</span> <span class='ocrx_word' id='word_1_14' title='bbox 769 313 844 348; x_wconf 88' lang='lat' dir='ltr'>aut</span> <span class='ocrx_word' id='word_1_15' title='bbox 865 308 983 348; x_wconf 80' lang='lat' dir='ltr'>venia</span> <span class='ocrx_word' id='word_1_16' title='bbox 1005 308 1117 362; x_wconf 81' lang='lat' dir='ltr'>digni</span> <span class='ocrx_word' id='word_1_17' title='bbox 1149 313 1257 355; x_wconf 71' lang='lat' dir='ltr'>sunt,</span> <span class='ocrx_word' id='word_1_18' title='bbox 1281 308 1508 347; x_wconf 84' lang='lat' dir='ltr'>absurdum</span> <span class='ocrx_word' id='word_1_19' title='bbox 1531 312 1673 348; x_wconf 87' lang='lat' dir='ltr'>tamen</span> 
     </span>
     <span class='ocr_line' id='line_1_4' title="bbox 158 364 1671 418; baseline -0.002 -13"><span class='ocrx_word' id='word_1_20' title='bbox 158 370 223 405; x_wconf 87' lang='lat' dir='ltr'>est</span> <span class='ocrx_word' id='word_1_21' title='bbox 243 379 397 418; x_wconf 84' lang='lat' dir='ltr'>poenas</span> <span class='ocrx_word' id='word_1_22' title='bbox 419 364 497 404; x_wconf 88' lang='lat' dir='ltr'>dici</span> <span class='ocrx_word' id='word_1_23' title='bbox 526 364 793 416; x_wconf 78' lang='grc' dir='ltr'>ἀτυχημάτων’.</span> <span class='ocrx_word' id='word_1_24' title='bbox 856 364 1014 404; x_wconf 76' lang='lat' dir='ltr'>Veram</span> <span class='ocrx_word' id='word_1_25' title='bbox 1046 364 1298 417; x_wconf 75' lang='lat' dir='ltr'>scripturam</span> <span class='ocrx_word' id='word_1_26' title='bbox 1329 364 1515 404; x_wconf 77' lang='lat' dir='ltr'>defendit</span> <span class='ocrx_word' id='word_1_27' title='bbox 1545 364 1671 404; x_wconf 85' lang='lat' dir='ltr'>etiam</span> 
     </span>
     <span class='ocr_line' id='line_1_5' title="bbox 160 420 1672 474; baseline 0.001 -16"><span class='ocrx_word' id='word_1_28' title='bbox 160 421 382 466; x_wconf 53' lang='lat' dir='ltr'>WVeberus,</span> <span class='ocrx_word' id='word_1_29' title='bbox 408 420 477 474; x_wconf 89' lang='lat' dir='ltr'>qui</span> <span class='ocrx_word' id='word_1_30' title='bbox 499 421 629 467; x_wconf 79' lang='lat' dir='ltr'>addit,</span> <span class='ocrx_word' id='word_1_31' title='bbox 650 427 673 442; x_wconf 85' lang='grc'>“</span> <span class='ocrx_word' id='word_1_32' title='bbox 690 421 784 474; x_wconf 91' lang='lat' dir='ltr'>Ipse</span> <span class='ocrx_word' id='word_1_33' title='bbox 807 421 1111 461; x_wconf 83' lang='lat' dir='ltr'>Demosthenes</span> <span class='ocrx_word' id='word_1_34' title='bbox 1126 435 1164 473; x_wconf 92' lang='lat' dir='ltr'>p.</span> <span class='ocrx_word' id='word_1_35' title='bbox 1180 433 1276 473; x_wconf 87' lang='grc'>317.</span> <span class='ocrx_word' id='word_1_36' title='bbox 1298 434 1384 460; x_wconf 88' lang='lat' dir='ltr'>rem</span> <span class='ocrx_word' id='word_1_37' title='bbox 1408 420 1604 468; x_wconf 76' lang='lat' dir='ltr'>decernit,</span> <span class='ocrx_word' id='word_1_38' title='bbox 1628 424 1672 460; x_wconf 89' lang='lat' dir='ltr'>et</span> 
     </span>
     <span class='ocr_line' id='line_1_6' title="bbox 158 475 1670 530; baseline 0 -14"><span class='ocrx_word' id='word_1_39' title='bbox 158 477 192 516; x_wconf 86' lang='lat' dir='ltr'>si</span> <span class='ocrx_word' id='word_1_40' title='bbox 228 477 307 517; x_wconf 90' lang='lat' dir='ltr'>hoc</span> <span class='ocrx_word' id='word_1_41' title='bbox 340 478 431 517; x_wconf 85' lang='lat' dir='ltr'>loeo</span> <span class='ocrx_word' id='word_1_42' title='bbox 473 481 549 516; x_wconf 85' lang='grc' dir='ltr'>τῶν</span> <span class='ocrx_word' id='word_1_43' title='bbox 587 477 840 529; x_wconf 83' lang='grc' dir='ltr'>ἀτυχημάτων</span> <span class='ocrx_word' id='word_1_44' title='bbox 881 476 1125 530; x_wconf 79' lang='lat' dir='ltr'>scripsisset,</span> <span class='ocrx_word' id='word_1_45' title='bbox 1160 476 1238 515; x_wconf 84' lang='lat' dir='ltr'>sibi</span> <span class='ocrx_word' id='word_1_46' title='bbox 1278 475 1365 529; x_wconf 85' lang='lat' dir='ltr'>ipse</span> <span class='ocrx_word' id='word_1_47' title='bbox 1400 481 1670 529; x_wconf 79' lang='lat' dir='ltr'>repugnaret.</span> 
     </span>
     <span class='ocr_line' id='line_1_7' title="bbox 159 531 1676 584; baseline -0.001 -11"><span class='ocrx_word' id='word_1_48' title='bbox 159 533 273 574; x_wconf 87' lang='lat' dir='ltr'>Dicit</span> <span class='ocrx_word' id='word_1_49' title='bbox 296 533 376 573; x_wconf 89' lang='lat' dir='ltr'>ibi:</span> <span class='ocrx_word' id='word_1_50' title='bbox 412 535 536 573; x_wconf 82' lang='grc' dir='ltr'>ἀδικεῖ</span> <span class='ocrx_word' id='word_1_51' title='bbox 554 550 610 575; x_wconf 88' lang='grc' dir='ltr'>τις</span> <span class='ocrx_word' id='word_1_52' title='bbox 632 535 754 580; x_wconf 83' lang='grc' dir='ltr'>ἑκών;</span> <span class='ocrx_word' id='word_1_53' title='bbox 787 534 882 584; x_wconf 71' lang='grc' dir='ltr'>ὀργὴ</span> <span class='ocrx_word' id='word_1_54' title='bbox 906 535 967 572; x_wconf 83' lang='grc' dir='ltr'>καὶ</span> <span class='ocrx_word' id='word_1_55' title='bbox 988 534 1147 583; x_wconf 87' lang='grc' dir='ltr'>τιμωρία</span> <span class='ocrx_word' id='word_1_56' title='bbox 1178 534 1274 572; x_wconf 71' lang='grc' dir='ltr'>κατὰ</span> <span class='ocrx_word' id='word_1_57' title='bbox 1304 533 1451 572; x_wconf 85' lang='grc' dir='ltr'>τούτου·</span> <span class='ocrx_word' id='word_1_58' title='bbox 1489 531 1676 582; x_wconf 80' lang='grc' dir='ltr'>ἐξήμαρτέ</span> 
     </span>
     <span class='ocr_line' id='line_1_8' title="bbox 158 587 1672 641; baseline -0.001 -13"><span class='ocrx_word' id='word_1_59' title='bbox 158 606 213 631; x_wconf 81' lang='grc' dir='ltr'>τις</span> <span class='ocrx_word' id='word_1_60' title='bbox 244 591 371 635; x_wconf 80' lang='grc' dir='ltr'>ἄκωνς</span> <span class='ocrx_word' id='word_1_61' title='bbox 404 591 614 641; x_wconf 71' lang='grc' dir='ltr'>συγγνώμη</span> <span class='ocrx_word' id='word_1_62' title='bbox 646 590 732 628; x_wconf 84' lang='grc' dir='ltr'>ἀντὶ</span> <span class='ocrx_word' id='word_1_63' title='bbox 762 593 827 638; x_wconf 83' lang='grc' dir='ltr'>τῆς</span> <span class='ocrx_word' id='word_1_64' title='bbox 857 590 1037 640; x_wconf 78' lang='grc' dir='ltr'>τιμωρίας</span> <span class='ocrx_word' id='word_1_65' title='bbox 1068 590 1199 641; x_wconf 84' lang='grc' dir='ltr'>τούτῳ.</span> <span class='ocrx_word' id='word_1_66' title='bbox 1252 587 1328 627; x_wconf 77' lang='grc' dir='ltr'>οὔτ’</span> <span class='ocrx_word' id='word_1_67' title='bbox 1352 589 1492 628; x_wconf 85' lang='grc' dir='ltr'>ἀδικῶν</span> <span class='ocrx_word' id='word_1_68' title='bbox 1512 605 1567 629; x_wconf 82' lang='grc' dir='ltr'>τις</span> <span class='ocrx_word' id='word_1_69' title='bbox 1595 587 1672 628; x_wconf 77' lang='grc' dir='ltr'>οὔτ’</span> 
     </span>
     <span class='ocr_line' id='line_1_9' title="bbox 159 644 1672 697; baseline -0.001 -12"><span class='ocrx_word' id='word_1_70' title='bbox 159 646 443 697; x_wconf 71' lang='grc' dir='ltr'>ἐξαμαρτάνων,</span> <span class='ocrx_word' id='word_1_71' title='bbox 469 648 520 687; x_wconf 82' lang='grc' dir='ltr'>εἰς</span> <span class='ocrx_word' id='word_1_72' title='bbox 542 648 588 684; x_wconf 78' lang='grc' dir='ltr'>τὰ</span> <span class='ocrx_word' id='word_1_73' title='bbox 616 649 713 684; x_wconf 78' lang='grc' dir='ltr'>πᾶσι</span> <span class='ocrx_word' id='word_1_74' title='bbox 744 648 929 684; x_wconf 65' lang='grc' dir='ltr'>δοκοῦντα</span> <span class='ocrx_word' id='word_1_75' title='bbox 956 644 1172 694; x_wconf 83' lang='grc' dir='ltr'>συμφέρειν</span> <span class='ocrx_word' id='word_1_76' title='bbox 1196 644 1333 683; x_wconf 83' lang='grc' dir='ltr'>ἑαυτὸν</span> <span class='ocrx_word' id='word_1_77' title='bbox 1355 644 1440 685; x_wconf 80' lang='grc' dir='ltr'>δοὺς</span> <span class='ocrx_word' id='word_1_78' title='bbox 1462 644 1505 683; x_wconf 80' lang='grc' dir='ltr'>οὐ</span> <span class='ocrx_word' id='word_1_79' title='bbox 1528 645 1672 695; x_wconf 87' lang='grc' dir='ltr'>κατώρ-</span> 
     </span>
     <span class='ocr_line' id='line_1_10' title="bbox 160 701 1673 753; baseline -0.003 -11"><span class='ocrx_word' id='word_1_80' title='bbox 160 706 263 742; x_wconf 88' lang='grc' dir='ltr'>θωσε</span> <span class='ocrx_word' id='word_1_81' title='bbox 297 701 381 752; x_wconf 73' lang='grc' dir='ltr'>μεθ’</span> <span class='ocrx_word' id='word_1_82' title='bbox 417 702 622 748; x_wconf 71' lang='grc' dir='ltr'>ἁπάντωνς</span> <span class='ocrx_word' id='word_1_83' title='bbox 664 702 732 740; x_wconf 80' lang='grc' dir='ltr'>οὐκ</span> <span class='ocrx_word' id='word_1_84' title='bbox 764 702 965 749; x_wconf 75' lang='grc' dir='ltr'>ὀνειδίζειν</span> <span class='ocrx_word' id='word_1_85' title='bbox 998 701 1084 739; x_wconf 79' lang='grc' dir='ltr'>οὐδὲ</span> <span class='ocrx_word' id='word_1_86' title='bbox 1121 703 1387 750; x_wconf 85' lang='grc' dir='ltr'>λοιδορεῖσθαι</span> <span class='ocrx_word' id='word_1_87' title='bbox 1422 701 1473 753; x_wconf 75' lang='grc' dir='ltr'>τῷ</span> <span class='ocrx_word' id='word_1_88' title='bbox 1514 701 1673 753; x_wconf 83' lang='grc' dir='ltr'>τοιούτῳ</span> 
     </span>
     <span class='ocr_line' id='line_1_11' title="bbox 159 755 1675 809; baseline -0.003 -11"><span class='ocrx_word' id='word_1_89' title='bbox 159 759 317 805; x_wconf 86' lang='grc' dir='ltr'>δίκαιον,</span> <span class='ocrx_word' id='word_1_90' title='bbox 342 760 449 798; x_wconf 77' lang='grc' dir='ltr'>ἀλλὰ</span> <span class='ocrx_word' id='word_1_91' title='bbox 471 757 753 809; x_wconf 77' lang='grc' dir='ltr'>συνάχθεσθαι,</span> <span class='ocrx_word' id='word_1_92' title='bbox 779 775 810 796; x_wconf 91' lang='grc' dir='ltr'>κ.</span> <span class='ocrx_word' id='word_1_93' title='bbox 827 774 858 796; x_wconf 91' lang='grc' dir='ltr'>τ.</span> <span class='ocrx_word' id='word_1_94' title='bbox 877 763 915 796; x_wconf 91' lang='grc' dir='ltr'>λ.</span> <span class='ocrx_word' id='word_1_95' title='bbox 979 755 1120 795; x_wconf 79' lang='lat' dir='ltr'>Multo</span> <span class='ocrx_word' id='word_1_96' title='bbox 1142 755 1276 794; x_wconf 89' lang='lat' dir='ltr'>minus</span> <span class='ocrx_word' id='word_1_97' title='bbox 1299 759 1578 809; x_wconf 80' lang='lat' dir='ltr'>congruenter</span> <span class='ocrx_word' id='word_1_98' title='bbox 1598 759 1675 795; x_wconf 81' lang='grc' dir='ltr'>τῶν</span> 
     </span>
     <span class='ocr_line' id='line_1_12' title="bbox 159 811 1675 867; baseline -0.001 -13"><span class='ocrx_word' id='word_1_99' title='bbox 159 814 414 866; x_wconf 74' lang='grc' dir='ltr'>ἀτυχημάτων</span> <span class='ocrx_word' id='word_1_100' title='bbox 435 813 644 853; x_wconf 84' lang='lat' dir='ltr'>(liceretur</span> <span class='ocrx_word' id='word_1_101' title='bbox 664 812 900 867; x_wconf 76' lang='lat' dir='ltr'>praeceptis</span> <span class='ocrx_word' id='word_1_102' title='bbox 922 811 1166 852; x_wconf 65' lang='lat' dir='ltr'>Aristotelis</span> <span class='ocrx_word' id='word_1_103' title='bbox 1190 811 1313 852; x_wconf 87' lang='lat' dir='ltr'>Rhet.</span> <span class='ocrx_word' id='word_1_104' title='bbox 1334 825 1367 857; x_wconf 86' lang='grc' dir='ltr'>Ι,</span> <span class='ocrx_word' id='word_1_105' title='bbox 1389 825 1448 865; x_wconf 78' lang='grc'>13.</span> <span class='ocrx_word' id='word_1_106' title='bbox 1473 813 1533 863; x_wconf 86' lang='grc' dir='ltr'>ἐφ’</span> <span class='ocrx_word' id='word_1_107' title='bbox 1557 813 1613 854; x_wconf 73' lang='grc' dir='ltr'>οἷς</span> <span class='ocrx_word' id='word_1_108' title='bbox 1633 829 1675 852; x_wconf 85' lang='grc' dir='ltr'>τε</span> 
     </span>
     <span class='ocr_line' id='line_1_13' title="bbox 158 868 1675 922; baseline -0.001 -13"><span class='ocrx_word' id='word_1_109' title='bbox 158 873 232 922; x_wconf 76' lang='grc' dir='ltr'>γὰρ</span> <span class='ocrx_word' id='word_1_110' title='bbox 255 874 316 910; x_wconf 80' lang='grc' dir='ltr'>δεῖ</span> <span class='ocrx_word' id='word_1_111' title='bbox 334 871 570 922; x_wconf 82' lang='grc' dir='ltr'>συγγνώμην</span> <span class='ocrx_word' id='word_1_112' title='bbox 593 871 712 921; x_wconf 84' lang='grc' dir='ltr'>ἔχειν,</span> <span class='ocrx_word' id='word_1_113' title='bbox 737 871 882 918; x_wconf 75' lang='grc' dir='ltr'>ἐπιεικῆ</span> <span class='ocrx_word' id='word_1_114' title='bbox 905 872 1034 914; x_wconf 85' lang='grc' dir='ltr'>ταῦτα,</span> <span class='ocrx_word' id='word_1_115' title='bbox 1055 869 1116 908; x_wconf 78' lang='grc' dir='ltr'>καὶ</span> <span class='ocrx_word' id='word_1_116' title='bbox 1138 868 1181 907; x_wconf 81' lang='grc' dir='ltr'>τὸ</span> <span class='ocrx_word' id='word_1_117' title='bbox 1203 869 1250 907; x_wconf 78' lang='grc' dir='ltr'>τὰ</span> <span class='ocrx_word' id='word_1_118' title='bbox 1271 868 1522 919; x_wconf 80' lang='grc' dir='ltr'>ἁμαρτήματα</span> <span class='ocrx_word' id='word_1_119' title='bbox 1545 869 1606 908; x_wconf 86' lang='grc' dir='ltr'>καὶ</span> <span class='ocrx_word' id='word_1_120' title='bbox 1627 870 1675 908; x_wconf 84' lang='grc' dir='ltr'>τὰ</span> 
     </span>
     <span class='ocr_line' id='line_1_14' title="bbox 159 924 1672 976; baseline -0.001 -10"><span class='ocrx_word' id='word_1_121' title='bbox 159 926 371 976; x_wconf 82' lang='grc' dir='ltr'>ἀδικήματα</span> <span class='ocrx_word' id='word_1_122' title='bbox 392 926 442 976; x_wconf 80' lang='grc' dir='ltr'>μὴ</span> <span class='ocrx_word' id='word_1_123' title='bbox 464 929 529 964; x_wconf 85' lang='grc' dir='ltr'>τοῦ</span> <span class='ocrx_word' id='word_1_124' title='bbox 551 928 637 965; x_wconf 84' lang='grc' dir='ltr'>ἴσον</span> <span class='ocrx_word' id='word_1_125' title='bbox 660 927 804 975; x_wconf 77' lang='grc' dir='ltr'>ἀξιοῦν,</span> <span class='ocrx_word' id='word_1_126' title='bbox 827 927 920 975; x_wconf 82' lang='grc' dir='ltr'>μηδὲ</span> <span class='ocrx_word' id='word_1_127' title='bbox 944 927 991 964; x_wconf 81' lang='grc' dir='ltr'>τὰ</span> <span class='ocrx_word' id='word_1_128' title='bbox 1013 924 1265 974; x_wconf 80' lang='grc' dir='ltr'>ἁμαρτήματα</span> <span class='ocrx_word' id='word_1_129' title='bbox 1289 925 1350 964; x_wconf 85' lang='grc' dir='ltr'>καὶ</span> <span class='ocrx_word' id='word_1_130' title='bbox 1366 927 1413 964; x_wconf 74' lang='grc' dir='ltr'>τίι</span> <span class='ocrx_word' id='word_1_131' title='bbox 1434 924 1672 976; x_wconf 80' lang='grc' dir='ltr'>ἀτυχήματα·</span> 
     </span>
     <span class='ocr_line' id='line_1_15' title="bbox 159 980 1671 1034; baseline -0.002 -12"><span class='ocrx_word' id='word_1_132' title='bbox 159 983 243 1022; x_wconf 82' lang='grc' dir='ltr'>ἔστι</span> <span class='ocrx_word' id='word_1_133' title='bbox 265 982 294 1022; x_wconf 77' lang='grc' dir='ltr'>δ’</span> <span class='ocrx_word' id='word_1_134' title='bbox 318 983 543 1034; x_wconf 81' lang='grc' dir='ltr'>ἀτυχήματα</span> <span class='ocrx_word' id='word_1_135' title='bbox 563 983 635 1032; x_wconf 81' lang='grc' dir='ltr'>μὲν</span> <span class='ocrx_word' id='word_1_136' title='bbox 657 983 734 1021; x_wconf 84' lang='grc' dir='ltr'>ὅσα</span> <span class='ocrx_word' id='word_1_137' title='bbox 755 981 964 1032; x_wconf 82' lang='grc' dir='ltr'>παράλογα</span> <span class='ocrx_word' id='word_1_138' title='bbox 994 982 1054 1020; x_wconf 82' lang='grc' dir='ltr'>καὶ</span> <span class='ocrx_word' id='word_1_139' title='bbox 1084 981 1135 1030; x_wconf 80' lang='grc' dir='ltr'>μὴ</span> <span class='ocrx_word' id='word_1_140' title='bbox 1157 981 1232 1020; x_wconf 84' lang='grc' dir='ltr'>ἀπὸ</span> <span class='ocrx_word' id='word_1_141' title='bbox 1254 982 1479 1033; x_wconf 78' lang='grc' dir='ltr'>μοχθηρίας,</span> <span class='ocrx_word' id='word_1_142' title='bbox 1505 980 1671 1031; x_wconf 85' lang='grc' dir='ltr'>ἁμαρτή-</span> 
     </span>
     <span class='ocr_line' id='line_1_16' title="bbox 158 1037 1676 1089; baseline -0.001 -11"><span class='ocrx_word' id='word_1_143' title='bbox 158 1055 261 1089; x_wconf 83' lang='grc' dir='ltr'>ματα</span> <span class='ocrx_word' id='word_1_144' title='bbox 286 1041 327 1078; x_wconf 82' lang='grc' dir='ltr'>δὲ</span> <span class='ocrx_word' id='word_1_145' title='bbox 359 1039 435 1077; x_wconf 83' lang='grc' dir='ltr'>ὅσα</span> <span class='ocrx_word' id='word_1_146' title='bbox 459 1038 510 1088; x_wconf 76' lang='grc' dir='ltr'>μὴ</span> <span class='ocrx_word' id='word_1_147' title='bbox 541 1038 751 1089; x_wconf 80' lang='grc' dir='ltr'>παράλογα</span> <span class='ocrx_word' id='word_1_148' title='bbox 784 1039 844 1077; x_wconf 85' lang='grc' dir='ltr'>καὶ</span> <span class='ocrx_word' id='word_1_149' title='bbox 876 1038 926 1087; x_wconf 78' lang='grc' dir='ltr'>μὴ</span> <span class='ocrx_word' id='word_1_150' title='bbox 958 1037 1033 1077; x_wconf 80' lang='grc' dir='ltr'>ἀπὸ</span> <span class='ocrx_word' id='word_1_151' title='bbox 1065 1038 1262 1088; x_wconf 82' lang='grc' dir='ltr'>πονηρίας,</span> <span class='ocrx_word' id='word_1_152' title='bbox 1288 1037 1500 1087; x_wconf 83' lang='grc' dir='ltr'>ἀδικήματα</span> <span class='ocrx_word' id='word_1_153' title='bbox 1531 1039 1570 1076; x_wconf 83' lang='grc' dir='ltr'>δὲ</span> <span class='ocrx_word' id='word_1_154' title='bbox 1598 1038 1676 1077; x_wconf 86' lang='grc' dir='ltr'>ὅσα</span> 
     </span>
     <span class='ocr_line' id='line_1_17' title="bbox 157 1093 1674 1146; baseline -0.001 -12"><span class='ocrx_word' id='word_1_155' title='bbox 157 1095 254 1145; x_wconf 83' lang='grc' dir='ltr'>μήτε</span> <span class='ocrx_word' id='word_1_156' title='bbox 288 1094 497 1146; x_wconf 82' lang='grc' dir='ltr'>παράλογα</span> <span class='ocrx_word' id='word_1_157' title='bbox 529 1095 603 1134; x_wconf 85' lang='grc' dir='ltr'>ἀπὸ</span> <span class='ocrx_word' id='word_1_158' title='bbox 638 1096 823 1145; x_wconf 80' lang='grc' dir='ltr'>πονηρίας</span> <span class='ocrx_word' id='word_1_159' title='bbox 855 1093 884 1132; x_wconf 84' lang='grc' dir='ltr'>τ’</span> <span class='ocrx_word' id='word_1_160' title='bbox 921 1095 1042 1133; x_wconf 83' lang='grc' dir='ltr'>ἐστίν·</span> <span class='ocrx_word' id='word_1_161' title='bbox 1087 1096 1134 1133; x_wconf 74' lang='grc' dir='ltr'>τὰ</span> <span class='ocrx_word' id='word_1_162' title='bbox 1170 1096 1244 1144; x_wconf 72' lang='grc' dir='ltr'>γὰρ</span> <span class='ocrx_word' id='word_1_163' title='bbox 1280 1093 1325 1132; x_wconf 89' lang='grc' dir='ltr'>δι’</span> <span class='ocrx_word' id='word_1_164' title='bbox 1362 1095 1566 1144; x_wconf 83' lang='grc' dir='ltr'>ἐπιθυμίαν</span> <span class='ocrx_word' id='word_1_165' title='bbox 1598 1094 1674 1133; x_wconf 83' lang='grc' dir='ltr'>ἀπὸ</span> 
     </span>
     <span class='ocr_line' id='line_1_18' title="bbox 159 1150 1676 1204; baseline -0.001 -14"><span class='ocrx_word' id='word_1_166' title='bbox 159 1152 356 1202; x_wconf 86' lang='grc' dir='ltr'>πονηρίας.</span> <span class='ocrx_word' id='word_1_167' title='bbox 418 1151 617 1191; x_wconf 80' lang='lat' dir='ltr'>Conferas</span> <span class='ocrx_word' id='word_1_168' title='bbox 648 1151 775 1191; x_wconf 81' lang='lat' dir='ltr'>etiam</span> <span class='ocrx_word' id='word_1_169' title='bbox 799 1150 1087 1198; x_wconf 61' lang='lat' dir='ltr'>Themistium.</span> <span class='ocrx_word' id='word_1_170' title='bbox 1112 1150 1180 1203; x_wconf 84' lang='lat' dir='ltr'>qui</span> <span class='ocrx_word' id='word_1_171' title='bbox 1212 1150 1519 1190; x_wconf 77' lang='lat' dir='ltr'>adolescentem</span> <span class='ocrx_word' id='word_1_172' title='bbox 1550 1150 1676 1204; x_wconf 82' lang='lat' dir='ltr'>inipe-</span> 
     </span>
     <span class='ocr_line' id='line_1_19' title="bbox 159 1207 1677 1258; baseline 0 -12"><span class='ocrx_word' id='word_1_173' title='bbox 159 1213 343 1247; x_wconf 71' lang='lat' dir='ltr'>ratorcm</span> <span class='ocrx_word' id='word_1_174' title='bbox 369 1207 591 1247; x_wconf 72' lang='lat' dir='ltr'>Valentem</span> <span class='ocrx_word' id='word_1_175' title='bbox 614 1207 673 1247; x_wconf 79' lang='lat' dir='ltr'>ita</span> <span class='ocrx_word' id='word_1_176' title='bbox 696 1207 817 1247; x_wconf 63' lang='lat' dir='ltr'>(locet</span> <span class='ocrx_word' id='word_1_177' title='bbox 837 1224 844 1246; x_wconf 92' lang='lat'>:</span> <span class='ocrx_word' id='word_1_178' title='bbox 877 1209 917 1247; x_wconf 92' lang='grc' dir='ltr'>τί</span> <span class='ocrx_word' id='word_1_179' title='bbox 944 1207 1171 1258; x_wconf 82' lang='grc' dir='ltr'>διενήνοχεν</span> <span class='ocrx_word' id='word_1_180' title='bbox 1193 1208 1370 1258; x_wconf 82' lang='grc' dir='ltr'>ἀτύχημα</span> <span class='ocrx_word' id='word_1_181' title='bbox 1392 1207 1452 1246; x_wconf 80' lang='grc' dir='ltr'>καὶ</span> <span class='ocrx_word' id='word_1_182' title='bbox 1474 1207 1677 1258; x_wconf 83' lang='grc' dir='ltr'>ἁμάρτημα</span> 
     </span>
     <span class='ocr_line' id='line_1_20' title="bbox 160 1263 1675 1315; baseline 0 -12"><span class='ocrx_word' id='word_1_183' title='bbox 160 1264 221 1303; x_wconf 84' lang='grc' dir='ltr'>καὶ</span> <span class='ocrx_word' id='word_1_184' title='bbox 254 1265 428 1313; x_wconf 82' lang='grc' dir='ltr'>ἀδίκημα·</span> <span class='ocrx_word' id='word_1_185' title='bbox 463 1265 524 1303; x_wconf 84' lang='grc' dir='ltr'>καὶ</span> <span class='ocrx_word' id='word_1_186' title='bbox 555 1265 614 1303; x_wconf 84' lang='grc' dir='ltr'>ὅτι</span> <span class='ocrx_word' id='word_1_187' title='bbox 645 1263 831 1315; x_wconf 85' lang='grc' dir='ltr'>προσήκει</span> <span class='ocrx_word' id='word_1_188' title='bbox 856 1265 925 1303; x_wconf 83' lang='grc' dir='ltr'>τὸν</span> <span class='ocrx_word' id='word_1_189' title='bbox 945 1264 1122 1313; x_wconf 79' lang='grc' dir='ltr'>βασιλέα</span> <span class='ocrx_word' id='word_1_190' title='bbox 1147 1263 1190 1302; x_wconf 84' lang='grc' dir='ltr'>τὸ</span> <span class='ocrx_word' id='word_1_191' title='bbox 1221 1265 1294 1312; x_wconf 80' lang='grc' dir='ltr'>μὲν</span> <span class='ocrx_word' id='word_1_192' title='bbox 1319 1263 1534 1314; x_wconf 83' lang='grc' dir='ltr'>οἰκτείρειν,</span> <span class='ocrx_word' id='word_1_193' title='bbox 1557 1263 1601 1303; x_wconf 85' lang='grc' dir='ltr'>τὸ</span> <span class='ocrx_word' id='word_1_194' title='bbox 1634 1264 1675 1303; x_wconf 79' lang='grc' dir='ltr'>δὲ</span> 
     </span>
     <span class='ocr_line' id='line_1_21' title="bbox 161 1318 1188 1373; baseline -0.001 -13"><span class='ocrx_word' id='word_1_195' title='bbox 161 1322 417 1371; x_wconf 79' lang='grc' dir='ltr'>ἐπανορθοῦν,</span> <span class='ocrx_word' id='word_1_196' title='bbox 437 1322 559 1370; x_wconf 84' lang='grc' dir='ltr'>μόνον</span> <span class='ocrx_word' id='word_1_197' title='bbox 581 1322 621 1359; x_wconf 79' lang='grc' dir='ltr'>δὲ</span> <span class='ocrx_word' id='word_1_198' title='bbox 644 1320 686 1359; x_wconf 78' lang='grc' dir='ltr'>τὸ</span> <span class='ocrx_word' id='word_1_199' title='bbox 711 1321 883 1373; x_wconf 83' lang='grc' dir='ltr'>ἔσχατον</span> <span class='ocrx_word' id='word_1_200' title='bbox 903 1318 1188 1370; x_wconf 83' lang='grc' dir='ltr'>τιμωρεῖσθαι.”</span> 
     </span>
    </p>

    <p class='ocr_par' dir='ltr' id='par_1_3' title="bbox 159 1375 1679 1768">
     <span class='ocr_line' id='line_1_22' title="bbox 218 1375 1675 1430; baseline 0 -15"><span class='ocrx_word' id='word_1_201' title='bbox 218 1378 312 1430; x_wconf 68' lang='grc'>633,</span> <span class='ocrx_word' id='word_1_202' title='bbox 349 1389 385 1415; x_wconf 85' lang='lat'>2.</span> <span class='ocrx_word' id='word_1_203' title='bbox 422 1378 543 1416; x_wconf 84' lang='grc' dir='ltr'>ὁσίων</span> <span class='ocrx_word' id='word_1_204' title='bbox 579 1377 640 1416; x_wconf 82' lang='grc' dir='ltr'>καὶ</span> <span class='ocrx_word' id='word_1_205' title='bbox 682 1377 809 1430; x_wconf 80' lang='grc' dir='ltr'>ἱερῶν]</span> <span class='ocrx_word' id='word_1_206' title='bbox 852 1376 934 1415; x_wconf 84' lang='lat' dir='ltr'>His</span> <span class='ocrx_word' id='word_1_207' title='bbox 974 1376 1110 1415; x_wconf 72' lang='lat' dir='ltr'>verbis</span> <span class='ocrx_word' id='word_1_208' title='bbox 1151 1376 1384 1429; x_wconf 68' lang='lat' dir='ltr'>exponitur„</span> <span class='ocrx_word' id='word_1_209' title='bbox 1427 1375 1675 1416; x_wconf 82' lang='lat' dir='ltr'>homicidam</span> 
     </span>
     <span class='ocr_line' id='line_1_23' title="bbox 160 1431 1678 1486; baseline 0.001 -16"><span class='ocrx_word' id='word_1_210' title='bbox 160 1433 299 1472; x_wconf 86' lang='lat' dir='ltr'>omnia</span> <span class='ocrx_word' id='word_1_211' title='bbox 338 1433 545 1479; x_wconf 75' lang='lat' dir='ltr'>amittere.</span> <span class='ocrx_word' id='word_1_212' title='bbox 584 1447 760 1486; x_wconf 84' lang='lat' dir='ltr'>quorum</span> <span class='ocrx_word' id='word_1_213' title='bbox 793 1433 953 1472; x_wconf 84' lang='lat' dir='ltr'>occisus</span> <span class='ocrx_word' id='word_1_214' title='bbox 987 1432 1200 1485; x_wconf 81' lang='lat' dir='ltr'>particeps</span> <span class='ocrx_word' id='word_1_215' title='bbox 1233 1431 1371 1471; x_wconf 85' lang='lat' dir='ltr'>suerit.</span> <span class='ocrx_word' id='word_1_216' title='bbox 1430 1431 1582 1471; x_wconf 81' lang='grc' dir='ltr'>Ὁσίων</span> <span class='ocrx_word' id='word_1_217' title='bbox 1618 1433 1678 1472; x_wconf 84' lang='grc' dir='ltr'>καὶ</span> 
     </span>
     <span class='ocr_line' id='line_1_24' title="bbox 160 1487 1677 1543; baseline 0 -15"><span class='ocrx_word' id='word_1_218' title='bbox 160 1491 272 1539; x_wconf 79' lang='grc' dir='ltr'>ἱερῶν</span> <span class='ocrx_word' id='word_1_219' title='bbox 308 1489 644 1543; x_wconf 79' lang='lat' dir='ltr'>complectuntur</span> <span class='ocrx_word' id='word_1_220' title='bbox 677 1489 914 1529; x_wconf 79' lang='lat' dir='ltr'>universum</span> <span class='ocrx_word' id='word_1_221' title='bbox 943 1490 1014 1543; x_wconf 85' lang='lat' dir='ltr'>jus</span> <span class='ocrx_word' id='word_1_222' title='bbox 1048 1487 1241 1528; x_wconf 83' lang='lat' dir='ltr'>civitatis.</span> <span class='ocrx_word' id='word_1_223' title='bbox 1303 1488 1421 1528; x_wconf 84' lang='lat' dir='ltr'>Orat.</span> <span class='ocrx_word' id='word_1_224' title='bbox 1451 1487 1492 1527; x_wconf 87' lang='lat' dir='ltr'>in</span> <span class='ocrx_word' id='word_1_225' title='bbox 1527 1488 1677 1528; x_wconf 87' lang='lat' dir='ltr'>Neaer.</span> 
     </span>
     <span class='ocr_line' id='line_1_25' title="bbox 160 1544 1679 1598; baseline 0.001 -14"><span class='ocrx_word' id='word_1_226' title='bbox 160 1560 199 1598; x_wconf 89' lang='lat' dir='ltr'>p.</span> <span class='ocrx_word' id='word_1_227' title='bbox 226 1549 343 1598; x_wconf 69' lang='grc'><strong>1380.</strong></span> <span class='ocrx_word' id='word_1_228' title='bbox 369 1547 431 1585; x_wconf 88' lang='grc' dir='ltr'>καὶ</span> <span class='ocrx_word' id='word_1_229' title='bbox 461 1551 634 1595; x_wconf 85' lang='grc' dir='ltr'>μετεῖναι</span> <span class='ocrx_word' id='word_1_230' title='bbox 665 1546 794 1588; x_wconf 79' lang='grc' dir='ltr'>αὐτοῖς</span> <span class='ocrx_word' id='word_1_231' title='bbox 825 1547 952 1597; x_wconf 80' lang='grc' dir='ltr'>ὧνπερ</span> <span class='ocrx_word' id='word_1_232' title='bbox 981 1544 1204 1596; x_wconf 81' lang='grc' dir='ltr'>Ἀθηναίοις</span> <span class='ocrx_word' id='word_1_233' title='bbox 1233 1544 1391 1595; x_wconf 85' lang='grc' dir='ltr'>μέτεστι</span> <span class='ocrx_word' id='word_1_234' title='bbox 1420 1545 1590 1590; x_wconf 84' lang='grc' dir='ltr'>πάντων,</span> <span class='ocrx_word' id='word_1_235' title='bbox 1618 1546 1679 1585; x_wconf 82' lang='grc' dir='ltr'>καὶ</span> 
     </span>
     <span class='ocr_line' id='line_1_26' title="bbox 162 1601 1678 1655; baseline 0.001 -15"><span class='ocrx_word' id='word_1_236' title='bbox 162 1603 273 1652; x_wconf 84' lang='grc' dir='ltr'>ἱερῶν</span> <span class='ocrx_word' id='word_1_237' title='bbox 296 1603 356 1641; x_wconf 88' lang='grc' dir='ltr'>καὶ</span> <span class='ocrx_word' id='word_1_238' title='bbox 379 1603 510 1641; x_wconf 89' lang='grc' dir='ltr'>ὁσίων.</span> <span class='ocrx_word' id='word_1_239' title='bbox 573 1601 678 1653; x_wconf 72' lang='grc' dir='ltr'>Ἱερὰ</span> <span class='ocrx_word' id='word_1_240' title='bbox 699 1602 809 1641; x_wconf 87' lang='lat' dir='ltr'>enim</span> <span class='ocrx_word' id='word_1_241' title='bbox 830 1617 897 1642; x_wconf 87' lang='lat' dir='ltr'>res</span> <span class='ocrx_word' id='word_1_242' title='bbox 920 1616 1062 1642; x_wconf 83' lang='lat' dir='ltr'>sacrae</span> <span class='ocrx_word' id='word_1_243' title='bbox 1084 1607 1196 1648; x_wconf 82' lang='lat' dir='ltr'>sunt,</span> <span class='ocrx_word' id='word_1_244' title='bbox 1220 1616 1326 1655; x_wconf 83' lang='lat' dir='ltr'>quae</span> <span class='ocrx_word' id='word_1_245' title='bbox 1347 1601 1401 1640; x_wconf 84' lang='lat' dir='ltr'>ad</span> <span class='ocrx_word' id='word_1_246' title='bbox 1430 1601 1529 1641; x_wconf 84' lang='lat' dir='ltr'>deos</span> <span class='ocrx_word' id='word_1_247' title='bbox 1550 1601 1678 1654; x_wconf 86' lang='lat' dir='ltr'>perti—</span> 
     </span>
     <span class='ocr_line' id='line_1_27' title="bbox 159 1657 1679 1712; baseline 0.001 -16"><span class='ocrx_word' id='word_1_248' title='bbox 159 1663 273 1705; x_wconf 69' lang='lat' dir='ltr'>nent,</span> <span class='ocrx_word' id='word_1_249' title='bbox 302 1659 394 1697; x_wconf 85' lang='grc' dir='ltr'>ὅσια</span> <span class='ocrx_word' id='word_1_250' title='bbox 424 1663 566 1698; x_wconf 84' lang='lat' dir='ltr'>autem</span> <span class='ocrx_word' id='word_1_251' title='bbox 599 1673 666 1698; x_wconf 88' lang='lat' dir='ltr'>res</span> <span class='ocrx_word' id='word_1_252' title='bbox 700 1658 854 1712; x_wconf 82' lang='lat' dir='ltr'>publici</span> <span class='ocrx_word' id='word_1_253' title='bbox 890 1663 931 1698; x_wconf 89' lang='lat' dir='ltr'>et</span> <span class='ocrx_word' id='word_1_254' title='bbox 959 1658 1122 1712; x_wconf 74' lang='lat' dir='ltr'>profani</span> <span class='ocrx_word' id='word_1_255' title='bbox 1156 1672 1266 1706; x_wconf 75' lang='lat' dir='ltr'>usus⁷</span> <span class='ocrx_word' id='word_1_256' title='bbox 1300 1672 1406 1711; x_wconf 81' lang='lat' dir='ltr'>quae</span> <span class='ocrx_word' id='word_1_257' title='bbox 1438 1658 1514 1697; x_wconf 85' lang='lat' dir='ltr'>sub</span> <span class='ocrx_word' id='word_1_258' title='bbox 1545 1657 1679 1698; x_wconf 81' lang='lat' dir='ltr'>tutela</span> 
     </span>
     <span class='ocr_line' id='line_1_28' title="bbox 160 1714 1134 1768; baseline 0.001 -15"><span class='ocrx_word' id='word_1_259' title='bbox 160 1714 332 1754; x_wconf 86' lang='lat' dir='ltr'>deorum</span> <span class='ocrx_word' id='word_1_260' title='bbox 354 1720 463 1761; x_wconf 74' lang='lat' dir='ltr'>sunt,</span> <span class='ocrx_word' id='word_1_261' title='bbox 486 1714 662 1768; x_wconf 81' lang='lat' dir='ltr'>ideoque</span> <span class='ocrx_word' id='word_1_262' title='bbox 684 1720 867 1755; x_wconf 83' lang='lat' dir='ltr'>sanctae.</span> <span class='ocrx_word' id='word_1_263' title='bbox 902 1714 1134 1754; x_wconf 81' lang='lat' dir='ltr'>WEBER.</span> 
     </span>
    </p>

    <p class='ocr_par' dir='ltr' id='par_1_4' title="bbox 160 1769 1680 2049">
     <span class='ocr_line' id='line_1_29' title="bbox 218 1769 1680 1825; baseline -0.001 -15"><span class='ocrx_word' id='word_1_264' title='bbox 218 1772 313 1824; x_wconf 85' lang='grc'>633,</span> <span class='ocrx_word' id='word_1_265' title='bbox 337 1784 375 1824; x_wconf 90' lang='grc'>3.</span> <span class='ocrx_word' id='word_1_266' title='bbox 407 1771 468 1824; x_wconf 73' lang='grc' dir='ltr'>ἧς]</span> <span class='ocrx_word' id='word_1_267' title='bbox 508 1772 627 1822; x_wconf 74' lang='lat' dir='ltr'>Quod</span> <span class='ocrx_word' id='word_1_268' title='bbox 651 1771 844 1811; x_wconf 83' lang='lat' dir='ltr'>Reiskius</span> <span class='ocrx_word' id='word_1_269' title='bbox 876 1771 966 1825; x_wconf 80' lang='lat' dir='ltr'>ejici</span> <span class='ocrx_word' id='word_1_270' title='bbox 990 1771 1119 1810; x_wconf 85' lang='lat' dir='ltr'>voluit</span> <span class='ocrx_word' id='word_1_271' title='bbox 1149 1771 1192 1820; x_wconf 85' lang='grc' dir='ltr'>ἧς</span> <span class='ocrx_word' id='word_1_272' title='bbox 1222 1785 1305 1810; x_wconf 88' lang='lat' dir='ltr'>non</span> <span class='ocrx_word' id='word_1_273' title='bbox 1335 1769 1506 1824; x_wconf 80' lang='lat' dir='ltr'>dignum</span> <span class='ocrx_word' id='word_1_274' title='bbox 1527 1784 1680 1810; x_wconf 89' lang='lat' dir='ltr'>memo-</span> 
     </span>
     <span class='ocr_line' id='line_1_30' title="bbox 160 1827 1680 1880; baseline 0 -14"><span class='ocrx_word' id='word_1_275' title='bbox 160 1831 256 1866; x_wconf 84' lang='lat' dir='ltr'>ratu</span> <span class='ocrx_word' id='word_1_276' title='bbox 278 1832 400 1871; x_wconf 72' lang='lat' dir='ltr'>esset.</span> <span class='ocrx_word' id='word_1_277' title='bbox 424 1827 502 1867; x_wconf 79' lang='lat' dir='ltr'>nisi</span> <span class='ocrx_word' id='word_1_278' title='bbox 534 1828 575 1866; x_wconf 91' lang='lat' dir='ltr'>id</span> <span class='ocrx_word' id='word_1_279' title='bbox 604 1829 657 1868; x_wconf 91' lang='lat' dir='ltr'>ab</span> <span class='ocrx_word' id='word_1_280' title='bbox 691 1828 730 1867; x_wconf 90' lang='lat' dir='ltr'>S.</span> <span class='ocrx_word' id='word_1_281' title='bbox 754 1828 900 1867; x_wconf 85' lang='lat' dir='ltr'>abesse</span> <span class='ocrx_word' id='word_1_282' title='bbox 922 1828 1097 1868; x_wconf 84' lang='lat' dir='ltr'>referret</span> <span class='ocrx_word' id='word_1_283' title='bbox 1122 1827 1353 1867; x_wconf 57' lang='lat' dir='ltr'>XVeberus:</span> <span class='ocrx_word' id='word_1_284' title='bbox 1389 1827 1501 1880; x_wconf 85' lang='lat' dir='ltr'>quod</span> <span class='ocrx_word' id='word_1_285' title='bbox 1530 1827 1680 1866; x_wconf 80' lang='lat' dir='ltr'>falsum</span> 
     </span>
     <span class='ocr_line' id='line_1_31' title="bbox 160 1882 1680 1938; baseline 0 -16"><span class='ocrx_word' id='word_1_286' title='bbox 160 1888 237 1922; x_wconf 85' lang='lat' dir='ltr'>est.</span> <span class='ocrx_word' id='word_1_287' title='bbox 302 1883 444 1923; x_wconf 80' lang='lat' dir='ltr'>Habet</span> <span class='ocrx_word' id='word_1_288' title='bbox 477 1884 520 1933; x_wconf 83' lang='grc' dir='ltr'>ἧς</span> <span class='ocrx_word' id='word_1_289' title='bbox 553 1884 608 1931; x_wconf 84' lang='lat' dir='ltr'>S.‚</span> <span class='ocrx_word' id='word_1_290' title='bbox 633 1884 711 1923; x_wconf 84' lang='lat' dir='ltr'>nisi</span> <span class='ocrx_word' id='word_1_291' title='bbox 742 1884 853 1937; x_wconf 81' lang='lat' dir='ltr'>quod</span> <span class='ocrx_word' id='word_1_292' title='bbox 879 1884 1013 1938; x_wconf 90' lang='lat' dir='ltr'>primo</span> <span class='ocrx_word' id='word_1_293' title='bbox 1036 1900 1090 1925; x_wconf 87' lang='grc' dir='ltr'>εις</span> <span class='ocrx_word' id='word_1_294' title='bbox 1111 1883 1313 1937; x_wconf 84' lang='lat' dir='ltr'>scriptum</span> <span class='ocrx_word' id='word_1_295' title='bbox 1336 1882 1415 1922; x_wconf 83' lang='lat' dir='ltr'>fuit</span> <span class='ocrx_word' id='word_1_296' title='bbox 1441 1884 1503 1934; x_wconf 89' lang='lat' dir='ltr'>(ut</span> <span class='ocrx_word' id='word_1_297' title='bbox 1524 1883 1680 1923; x_wconf 85' lang='lat' dir='ltr'>centies</span> 
     </span>
     <span class='ocr_line' id='line_1_32' title="bbox 161 1938 1679 1993; baseline 0.001 -16"><span class='ocrx_word' id='word_1_298' title='bbox 161 1939 201 1978; x_wconf 93' lang='lat' dir='ltr'>in</span> <span class='ocrx_word' id='word_1_299' title='bbox 224 1940 301 1978; x_wconf 84' lang='lat' dir='ltr'>hoc</span> <span class='ocrx_word' id='word_1_300' title='bbox 324 1940 463 1979; x_wconf 75' lang='lat' dir='ltr'>codiee</span> <span class='ocrx_word' id='word_1_301' title='bbox 484 1958 505 1989; x_wconf 91' lang='grc' dir='ltr'>η</span> <span class='ocrx_word' id='word_1_302' title='bbox 529 1946 569 1979; x_wconf 86' lang='lat' dir='ltr'>et</span> <span class='ocrx_word' id='word_1_303' title='bbox 593 1958 625 1980; x_wconf 85' lang='grc' dir='ltr'>ει</span> <span class='ocrx_word' id='word_1_304' title='bbox 646 1945 887 1993; x_wconf 79' lang='lat' dir='ltr'>pemnutata</span> <span class='ocrx_word' id='word_1_305' title='bbox 915 1942 1048 1991; x_wconf 79' lang='lat' dir='ltr'>sunt),</span> <span class='ocrx_word' id='word_1_306' title='bbox 1073 1945 1296 1993; x_wconf 84' lang='lat' dir='ltr'>utrumque</span> <span class='ocrx_word' id='word_1_307' title='bbox 1317 1938 1404 1979; x_wconf 88' lang='lat' dir='ltr'>sine</span> <span class='ocrx_word' id='word_1_308' title='bbox 1425 1939 1679 1989; x_wconf 79' lang='lat' dir='ltr'>accentibus,</span> 
     </span>
     <span class='ocr_line' id='line_1_33' title="bbox 162 1996 775 2049; baseline 0.007 -17"><span class='ocrx_word' id='word_1_309' title='bbox 162 1996 313 2048; x_wconf 80' lang='lat' dir='ltr'>quibus</span> <span class='ocrx_word' id='word_1_310' title='bbox 333 1996 574 2049; x_wconf 81' lang='lat' dir='ltr'>plerumque</span> <span class='ocrx_word' id='word_1_311' title='bbox 596 2002 712 2036; x_wconf 78' lang='lat' dir='ltr'>caret</span> <span class='ocrx_word' id='word_1_312' title='bbox 735 1997 775 2036; x_wconf 82' lang='lat' dir='ltr'>S.</span> 
     </span>
    </p>

    <p class='ocr_par' dir='ltr' id='par_1_5' title="bbox 162 2052 1682 2163">
     <span class='ocr_line' id='line_1_34' title="bbox 219 2052 1682 2106; baseline 0.001 -17"><span class='ocrx_word' id='word_1_313' title='bbox 219 2056 313 2104; x_wconf 65' lang='grc'>633,</span> <span class='ocrx_word' id='word_1_314' title='bbox 336 2065 395 2105; x_wconf 73' lang='grc'>15.</span> <span class='ocrx_word' id='word_1_315' title='bbox 419 2053 466 2092; x_wconf 83' lang='grc' dir='ltr'>ἄν</span> <span class='ocrx_word' id='word_1_316' title='bbox 489 2069 543 2094; x_wconf 88' lang='grc' dir='ltr'>τις</span> <span class='ocrx_word' id='word_1_317' title='bbox 565 2054 784 2102; x_wconf 78' lang='grc' dir='ltr'>ἀποκτείνῃ,</span> <span class='ocrx_word' id='word_1_318' title='bbox 808 2054 917 2103; x_wconf 80' lang='grc' dir='ltr'>φησὶ,</span> <span class='ocrx_word' id='word_1_319' title='bbox 941 2052 1009 2092; x_wconf 82' lang='grc' dir='ltr'>τὸν</span> <span class='ocrx_word' id='word_1_320' title='bbox 1030 2053 1295 2106; x_wconf 80' lang='grc' dir='ltr'>ἀνδροφόνον]</span> <span class='ocrx_word' id='word_1_321' title='bbox 1318 2052 1398 2092; x_wconf 76' lang='lat' dir='ltr'>Est</span> <span class='ocrx_word' id='word_1_322' title='bbox 1418 2056 1682 2106; x_wconf 77' lang='lat' dir='ltr'>pentameter</span> 
     </span>
     <span class='ocr_line' id='line_1_35' title="bbox 162 2108 1621 2163; baseline 0.001 -16"><span class='ocrx_word' id='word_1_323' title='bbox 162 2108 336 2148; x_wconf 81' lang='lat' dir='ltr'>fortuito</span> <span class='ocrx_word' id='word_1_324' title='bbox 360 2108 512 2148; x_wconf 72' lang='lat' dir='ltr'>effusus</span> <span class='ocrx_word' id='word_1_325' title='bbox 559 2108 754 2148; x_wconf 76' lang='lat' dir='ltr'>REISK.</span> <span class='ocrx_word' id='word_1_326' title='bbox 817 2109 914 2148; x_wconf 80' lang='lat' dir='ltr'>Vid.</span> <span class='ocrx_word' id='word_1_327' title='bbox 940 2124 1046 2162; x_wconf 84' lang='lat' dir='ltr'>quae</span> <span class='ocrx_word' id='word_1_328' title='bbox 1068 2110 1123 2149; x_wconf 85' lang='lat' dir='ltr'>ad</span> <span class='ocrx_word' id='word_1_329' title='bbox 1144 2124 1183 2163; x_wconf 91' lang='lat' dir='ltr'>p.</span> <span class='ocrx_word' id='word_1_330' title='bbox 1211 2122 1325 2162; x_wconf 75' lang='grc'>1345,</span> <span class='ocrx_word' id='word_1_331' title='bbox 1353 2110 1392 2148; x_wconf 86' lang='grc'>6.</span> <span class='ocrx_word' id='word_1_332' title='bbox 1416 2109 1621 2148; x_wconf 82' lang='lat' dir='ltr'>(licentur.</span> 
     </span>
    </p>

    <p class='ocr_par' dir='ltr' id='par_1_6' title="bbox 162 2165 1684 2779">
     <span class='ocr_line' id='line_1_36' title="bbox 221 2165 1680 2219; baseline 0 -15"><span class='ocrx_word' id='word_1_333' title='bbox 221 2166 316 2217; x_wconf 57' lang='grc'>634,</span> <span class='ocrx_word' id='word_1_334' title='bbox 340 2175 379 2218; x_wconf 80' lang='lat'>5.</span> <span class='ocrx_word' id='word_1_335' title='bbox 413 2167 446 2204; x_wconf 81' lang='grc' dir='ltr'>εἰ</span> <span class='ocrx_word' id='word_1_336' title='bbox 466 2165 997 2219; x_wconf 63' lang='grc' dir='ltr'>μὲν-ἀναγκασθησόμεθα]</span> <span class='ocrx_word' id='word_1_337' title='bbox 1022 2165 1108 2205; x_wconf 92' lang='lat' dir='ltr'>Ubi</span> <span class='ocrx_word' id='word_1_338' title='bbox 1131 2166 1245 2213; x_wconf 76' lang='lat' dir='ltr'>haee,</span> <span class='ocrx_word' id='word_1_339' title='bbox 1269 2165 1417 2218; x_wconf 82' lang='lat' dir='ltr'>inquit,</span> <span class='ocrx_word' id='word_1_340' title='bbox 1439 2165 1680 2213; x_wconf 73' lang='lat' dir='ltr'>acciderint,</span> 
     </span>
     <span class='ocr_line' id='line_1_37' title="bbox 162 2222 1681 2276; baseline 0.001 -16"><span class='ocrx_word' id='word_1_341' title='bbox 162 2226 238 2260; x_wconf 86' lang='lat' dir='ltr'>aut</span> <span class='ocrx_word' id='word_1_342' title='bbox 271 2235 352 2260; x_wconf 80' lang='lat' dir='ltr'>non</span> <span class='ocrx_word' id='word_1_343' title='bbox 387 2236 684 2275; x_wconf 76' lang='lat' dir='ltr'>persequemur</span> <span class='ocrx_word' id='word_1_344' title='bbox 713 2237 783 2261; x_wconf 76' lang='lat' dir='ltr'>ros</span> <span class='ocrx_word' id='word_1_345' title='bbox 815 2222 984 2275; x_wconf 73' lang='lat' dir='ltr'>judicio,</span> <span class='ocrx_word' id='word_1_346' title='bbox 1010 2227 1086 2262; x_wconf 87' lang='lat' dir='ltr'>ant</span> <span class='ocrx_word' id='word_1_347' title='bbox 1115 2236 1437 2276; x_wconf 72' lang='lat' dir='ltr'>persequemur3</span> <span class='ocrx_word' id='word_1_348' title='bbox 1472 2222 1681 2276; x_wconf 86' lang='lat' dir='ltr'>utrimque</span> 
     </span>
     <span class='ocr_line' id='line_1_38' title="bbox 163 2278 1684 2332; baseline 0.001 -16"><span class='ocrx_word' id='word_1_349' title='bbox 163 2278 361 2316; x_wconf 85' lang='lat' dir='ltr'>damnum</span> <span class='ocrx_word' id='word_1_350' title='bbox 384 2278 503 2317; x_wconf 84' lang='lat' dir='ltr'>nobis</span> <span class='ocrx_word' id='word_1_351' title='bbox 523 2278 607 2317; x_wconf 73' lang='lat' dir='ltr'>fiet.</span> <span class='ocrx_word' id='word_1_352' title='bbox 672 2278 797 2318; x_wconf 85' lang='lat' dir='ltr'>Hane</span> <span class='ocrx_word' id='word_1_353' title='bbox 829 2278 1151 2332; x_wconf 77' lang='lat' dir='ltr'>argumentandi</span> <span class='ocrx_word' id='word_1_354' title='bbox 1180 2278 1387 2318; x_wconf 82' lang='lat' dir='ltr'>rationem</span> <span class='ocrx_word' id='word_1_355' title='bbox 1413 2278 1514 2317; x_wconf 79' lang='lat' dir='ltr'>(licit</span> <span class='ocrx_word' id='word_1_356' title='bbox 1535 2284 1684 2318; x_wconf 85' lang='lat' dir='ltr'>auctor</span> 
     </span>
     <span class='ocr_line' id='line_1_39' title="bbox 163 2333 1683 2387; baseline 0.001 -15"><span class='ocrx_word' id='word_1_357' title='bbox 163 2334 388 2387; x_wconf 74' lang='lat' dir='ltr'>prolegom.</span> <span class='ocrx_word' id='word_1_358' title='bbox 412 2333 452 2372; x_wconf 92' lang='lat' dir='ltr'>in</span> <span class='ocrx_word' id='word_1_359' title='bbox 476 2334 687 2374; x_wconf 80' lang='lat' dir='ltr'>scholiast.</span> <span class='ocrx_word' id='word_1_360' title='bbox 711 2335 765 2374; x_wconf 86' lang='lat' dir='ltr'>ad</span> <span class='ocrx_word' id='word_1_361' title='bbox 791 2335 990 2387; x_wconf 72' lang='lat' dir='ltr'>Hermog.</span> <span class='ocrx_word' id='word_1_362' title='bbox 1016 2336 1140 2385; x_wconf 75' lang='grc' dir='ltr'>λόγον</span> <span class='ocrx_word' id='word_1_363' title='bbox 1163 2336 1203 2373; x_wconf 86' lang='grc' dir='ltr'>ἐκ</span> <span class='ocrx_word' id='word_1_364' title='bbox 1235 2335 1299 2373; x_wconf 85' lang='grc' dir='ltr'>δύο</span> <span class='ocrx_word' id='word_1_365' title='bbox 1322 2334 1550 2384; x_wconf 85' lang='grc' dir='ltr'>προτάσεων</span> <span class='ocrx_word' id='word_1_366' title='bbox 1572 2336 1683 2374; x_wconf 84' lang='grc' dir='ltr'>ἐναν-</span> 
     </span>
     <span class='ocr_line' id='line_1_40' title="bbox 163 2390 1683 2444; baseline 0.001 -16"><span class='ocrx_word' id='word_1_367' title='bbox 163 2391 254 2428; x_wconf 91' lang='grc' dir='ltr'>τίων</span> <span class='ocrx_word' id='word_1_368' title='bbox 277 2390 319 2428; x_wconf 81' lang='grc' dir='ltr'>τὸ</span> <span class='ocrx_word' id='word_1_369' title='bbox 353 2391 444 2429; x_wconf 76' lang='grc' dir='ltr'>αὐτὸ</span> <span class='ocrx_word' id='word_1_370' title='bbox 477 2390 597 2440; x_wconf 80' lang='grc' dir='ltr'>πέρας</span> <span class='ocrx_word' id='word_1_371' title='bbox 628 2390 864 2441; x_wconf 76' lang='grc' dir='ltr'>συνάγοντα.</span> <span class='ocrx_word' id='word_1_372' title='bbox 926 2391 976 2429; x_wconf 86' lang='lat' dir='ltr'>(le</span> <span class='ocrx_word' id='word_1_373' title='bbox 999 2391 1115 2443; x_wconf 85' lang='lat' dir='ltr'>cujus</span> <span class='ocrx_word' id='word_1_374' title='bbox 1137 2394 1290 2430; x_wconf 84' lang='lat' dir='ltr'>natura</span> <span class='ocrx_word' id='word_1_375' title='bbox 1311 2394 1355 2429; x_wconf 91' lang='lat' dir='ltr'>et</span> <span class='ocrx_word' id='word_1_376' title='bbox 1376 2390 1413 2429; x_wconf 76' lang='lat' dir='ltr'>vi</span> <span class='ocrx_word' id='word_1_377' title='bbox 1435 2390 1526 2429; x_wconf 88' lang='lat' dir='ltr'>vide</span> <span class='ocrx_word' id='word_1_378' title='bbox 1548 2390 1683 2444; x_wconf 90' lang='lat' dir='ltr'>ipsum</span> 
     </span>
     <span class='ocr_line' id='line_1_41' title="bbox 166 2445 1684 2500; baseline 0.002 -16"><span class='ocrx_word' id='word_1_379' title='bbox 166 2446 477 2499; x_wconf 65' lang='lat' dir='ltr'>Hermogenem</span> <span class='ocrx_word' id='word_1_380' title='bbox 500 2446 575 2485; x_wconf 74' lang='lat' dir='ltr'>vol.</span> <span class='ocrx_word' id='word_1_381' title='bbox 598 2460 693 2499; x_wconf 78' lang='lat' dir='ltr'>3.p.</span> <span class='ocrx_word' id='word_1_382' title='bbox 723 2448 809 2496; x_wconf 80' lang='lat'>167.</span> <span class='ocrx_word' id='word_1_383' title='bbox 872 2447 966 2485; x_wconf 81' lang='lat' dir='ltr'>Duo</span> <span class='ocrx_word' id='word_1_384' title='bbox 1001 2447 1089 2500; x_wconf 73' lang='lat' dir='ltr'>ejus</span> <span class='ocrx_word' id='word_1_385' title='bbox 1125 2461 1174 2485; x_wconf 81' lang='lat' dir='ltr'>ex</span> <span class='ocrx_word' id='word_1_386' title='bbox 1209 2445 1398 2485; x_wconf 88' lang='lat' dir='ltr'>oratione</span> <span class='ocrx_word' id='word_1_387' title='bbox 1439 2446 1490 2485; x_wconf 84' lang='lat' dir='ltr'>de</span> <span class='ocrx_word' id='word_1_388' title='bbox 1530 2461 1684 2487; x_wconf 86' lang='lat' dir='ltr'>corona</span> 
     </span>
     <span class='ocr_line' id='line_1_42' title="bbox 164 2501 1683 2556; baseline 0.001 -16"><span class='ocrx_word' id='word_1_389' title='bbox 164 2501 399 2541; x_wconf 79' lang='lat' dir='ltr'>afferuntur</span> <span class='ocrx_word' id='word_1_390' title='bbox 429 2502 617 2555; x_wconf 83' lang='lat' dir='ltr'>exempla</span> <span class='ocrx_word' id='word_1_391' title='bbox 649 2517 672 2542; x_wconf 86' lang='lat' dir='ltr'>a</span> <span class='ocrx_word' id='word_1_392' title='bbox 702 2502 938 2542; x_wconf 79' lang='lat' dir='ltr'>rhetoribus</span> <span class='ocrx_word' id='word_1_393' title='bbox 970 2518 1008 2556; x_wconf 90' lang='lat' dir='ltr'>p.</span> <span class='ocrx_word' id='word_1_394' title='bbox 1037 2516 1112 2554; x_wconf 65' lang='lat'>293</span> <span class='ocrx_word' id='word_1_395' title='bbox 1136 2509 1179 2542; x_wconf 93' lang='lat' dir='ltr'>et</span> <span class='ocrx_word' id='word_1_396' title='bbox 1200 2515 1296 2553; x_wconf 72' lang='lat'>300.</span> <span class='ocrx_word' id='word_1_397' title='bbox 1357 2502 1468 2541; x_wconf 71' lang='lat' dir='ltr'>Adsl.</span> <span class='ocrx_word' id='word_1_398' title='bbox 1493 2517 1524 2541; x_wconf 88' lang='lat' dir='ltr'>c.</span> <span class='ocrx_word' id='word_1_399' title='bbox 1549 2503 1683 2542; x_wconf 88' lang='lat' dir='ltr'>Zeno-</span> 
     </span>
     <span class='ocr_line' id='line_1_43' title="bbox 165 2558 1683 2614; baseline 0.001 -16"><span class='ocrx_word' id='word_1_400' title='bbox 165 2558 292 2598; x_wconf 88' lang='lat' dir='ltr'>them.</span> <span class='ocrx_word' id='word_1_401' title='bbox 315 2573 353 2611; x_wconf 88' lang='lat' dir='ltr'>p.</span> <span class='ocrx_word' id='word_1_402' title='bbox 379 2560 473 2597; x_wconf 58' lang='lat'>886.</span> <span class='ocrx_word' id='word_1_403' title='bbox 526 2560 594 2598; x_wconf 78' lang='grc' dir='ltr'>ε’ἆν</span> <span class='ocrx_word' id='word_1_404' title='bbox 615 2558 780 2611; x_wconf 82' lang='lat' dir='ltr'>proprie</span> <span class='ocrx_word' id='word_1_405' title='bbox 806 2563 870 2598; x_wconf 86' lang='lat' dir='ltr'>est</span> <span class='ocrx_word' id='word_1_406' title='bbox 891 2559 1061 2598; x_wconf 84' lang='lat' dir='ltr'>missum</span> <span class='ocrx_word' id='word_1_407' title='bbox 1089 2559 1239 2606; x_wconf 81' lang='lat' dir='ltr'>facere,</span> <span class='ocrx_word' id='word_1_408' title='bbox 1262 2558 1374 2611; x_wconf 82' lang='lat' dir='ltr'>quod</span> <span class='ocrx_word' id='word_1_409' title='bbox 1397 2558 1495 2612; x_wconf 82' lang='lat' dir='ltr'>quid</span> <span class='ocrx_word' id='word_1_410' title='bbox 1518 2573 1683 2614; x_wconf 87' lang='lat' dir='ltr'>quoque</span> 
     </span>
     <span class='ocr_line' id='line_1_44' title="bbox 164 2614 1683 2668; baseline 0.001 -15"><span class='ocrx_word' id='word_1_411' title='bbox 164 2614 254 2654; x_wconf 82' lang='lat' dir='ltr'>loco</span> <span class='ocrx_word' id='word_1_412' title='bbox 285 2614 487 2668; x_wconf 77' lang='lat' dir='ltr'>significet</span> <span class='ocrx_word' id='word_1_413' title='bbox 510 2614 742 2667; x_wconf 79' lang='lat' dir='ltr'>praecipue.</span> <span class='ocrx_word' id='word_1_414' title='bbox 766 2629 967 2668; x_wconf 85' lang='lat' dir='ltr'>apparere</span> <span class='ocrx_word' id='word_1_415' title='bbox 999 2629 1122 2668; x_wconf 81' lang='lat' dir='ltr'>saepe</span> <span class='ocrx_word' id='word_1_416' title='bbox 1153 2629 1202 2653; x_wconf 81' lang='lat' dir='ltr'>ex</span> <span class='ocrx_word' id='word_1_417' title='bbox 1236 2614 1440 2667; x_wconf 75' lang='lat' dir='ltr'>opposito,</span> <span class='ocrx_word' id='word_1_418' title='bbox 1464 2619 1511 2654; x_wconf 89' lang='lat' dir='ltr'>ut</span> <span class='ocrx_word' id='word_1_419' title='bbox 1532 2615 1599 2655; x_wconf 88' lang='lat' dir='ltr'>hic</span> <span class='ocrx_word' id='word_1_420' title='bbox 1631 2630 1683 2655; x_wconf 80' lang='lat' dir='ltr'>ex</span> 
     </span>
     <span class='ocr_line' id='line_1_45' title="bbox 167 2670 1681 2723; baseline 0.001 -13"><span class='ocrx_word' id='word_1_421' title='bbox 167 2671 373 2720; x_wconf 72' lang='grc' dir='ltr'>ἐπεξιέναι,</span> <span class='ocrx_word' id='word_1_422' title='bbox 396 2671 516 2710; x_wconf 82' lang='lat' dir='ltr'>(locet</span> <span class='ocrx_word' id='word_1_423' title='bbox 542 2670 787 2709; x_wconf 65' lang='lat' dir='ltr'>Sellae-ferus</span> <span class='ocrx_word' id='word_1_424' title='bbox 808 2671 986 2710; x_wconf 81' lang='lat' dir='ltr'>afferens</span> <span class='ocrx_word' id='word_1_425' title='bbox 1008 2686 1057 2710; x_wconf 82' lang='lat' dir='ltr'>ex</span> <span class='ocrx_word' id='word_1_426' title='bbox 1079 2670 1296 2710; x_wconf 78' lang='lat' dir='ltr'>Demosth.</span> <span class='ocrx_word' id='word_1_427' title='bbox 1321 2684 1360 2723; x_wconf 89' lang='lat' dir='ltr'>p.</span> <span class='ocrx_word' id='word_1_428' title='bbox 1382 2672 1478 2723; x_wconf 72' lang='grc'>638,</span> <span class='ocrx_word' id='word_1_429' title='bbox 1498 2672 1562 2710; x_wconf 75' lang='lat'>28.</span> <span class='ocrx_word' id='word_1_430' title='bbox 1586 2673 1681 2722; x_wconf 77' lang='lat'><strong>646,</strong></span> 
     </span>
     <span class='ocr_line' id='line_1_46' title="bbox 172 2726 754 2779; baseline 0 -14"><span class='ocrx_word' id='word_1_431' title='bbox 172 2728 232 2765; x_wconf 80' lang='lat'>16.</span> <span class='ocrx_word' id='word_1_432' title='bbox 256 2728 306 2766; x_wconf 76' lang='lat' dir='ltr'>cf.</span> <span class='ocrx_word' id='word_1_433' title='bbox 332 2741 371 2779; x_wconf 91' lang='lat' dir='ltr'>p.</span> <span class='ocrx_word' id='word_1_434' title='bbox 393 2728 491 2779; x_wconf 74' lang='lat'>526.</span> <span class='ocrx_word' id='word_1_435' title='bbox 525 2726 754 2765; x_wconf 79' lang='lat' dir='ltr'>WEBER.</span> 
     </span>
    </p>

    <p class='ocr_par' dir='ltr' id='par_1_7' title="bbox 167 2782 1683 2948">
     <span class='ocr_line' id='line_1_47' title="bbox 225 2782 1683 2835; baseline 0.001 -14"><span class='ocrx_word' id='word_1_436' title='bbox 225 2784 319 2833; x_wconf 74' lang='lat'>634,</span> <span class='ocrx_word' id='word_1_437' title='bbox 350 2785 388 2821; x_wconf 87' lang='lat'>6.</span> <span class='ocrx_word' id='word_1_438' title='bbox 421 2783 695 2835; x_wconf 75' lang='grc' dir='ltr'>διατρίψομεν]</span> <span class='ocrx_word' id='word_1_439' title='bbox 741 2783 859 2833; x_wconf 76' lang='lat' dir='ltr'>Quod</span> <span class='ocrx_word' id='word_1_440' title='bbox 898 2782 937 2821; x_wconf 89' lang='lat' dir='ltr'>in</span> <span class='ocrx_word' id='word_1_441' title='bbox 973 2782 1063 2823; x_wconf 87' lang='lat' dir='ltr'>aliis</span> <span class='ocrx_word' id='word_1_442' title='bbox 1099 2782 1215 2821; x_wconf 82' lang='lat' dir='ltr'>libris</span> <span class='ocrx_word' id='word_1_443' title='bbox 1249 2787 1312 2821; x_wconf 83' lang='lat' dir='ltr'>est</span> <span class='ocrx_word' id='word_1_444' title='bbox 1348 2784 1683 2834; x_wconf 82' lang='grc' dir='ltr'>συνδιατρίψομεν</span> 
     </span>
     <span class='ocr_line' id='line_1_48' title="bbox 167 2838 1682 2893; baseline 0 -16"><span class='ocrx_word' id='word_1_445' title='bbox 167 2839 268 2890; x_wconf 60' lang='lat' dir='ltr'>leg-it</span> <span class='ocrx_word' id='word_1_446' title='bbox 300 2838 341 2877; x_wconf 92' lang='lat' dir='ltr'>in</span> <span class='ocrx_word' id='word_1_447' title='bbox 373 2853 447 2878; x_wconf 88' lang='lat' dir='ltr'>suo</span> <span class='ocrx_word' id='word_1_448' title='bbox 479 2853 641 2892; x_wconf 79' lang='lat' dir='ltr'>quoque</span> <span class='ocrx_word' id='word_1_449' title='bbox 672 2839 969 2891; x_wconf 73' lang='lat' dir='ltr'>grammaticus</span> <span class='ocrx_word' id='word_1_450' title='bbox 999 2854 1064 2893; x_wconf 84' lang='lat' dir='ltr'>ap.</span> <span class='ocrx_word' id='word_1_451' title='bbox 1091 2839 1319 2878; x_wconf 84' lang='lat' dir='ltr'>Hermann.</span> <span class='ocrx_word' id='word_1_452' title='bbox 1344 2838 1395 2877; x_wconf 79' lang='lat' dir='ltr'>&lt;le</span> <span class='ocrx_word' id='word_1_453' title='bbox 1417 2838 1576 2878; x_wconf 81' lang='lat' dir='ltr'>emend.</span> <span class='ocrx_word' id='word_1_454' title='bbox 1600 2844 1682 2879; x_wconf 80' lang='lat' dir='ltr'>rat.</span> 
     </span>
     <span class='ocr_line' id='line_1_49' title="bbox 169 2896 325 2948; baseline 0.019 -18"><span class='ocrx_word' id='word_1_455' title='bbox 169 2910 206 2948; x_wconf 78' lang='lat' dir='ltr'>li.</span> <span class='ocrx_word' id='word_1_456' title='bbox 229 2896 325 2944; x_wconf 70' lang='lat'>467.</span> 
     </span>
    </p>

    <p class='ocr_par' dir='ltr' id='par_1_8' title="bbox 226 2949 1682 3004">
     <span class='ocr_line' id='line_1_50' title="bbox 226 2949 1682 3004; baseline 0.001 -16"><span class='ocrx_word' id='word_1_457' title='bbox 226 2952 320 3003; x_wconf 65' lang='lat'>634,</span> <span class='ocrx_word' id='word_1_458' title='bbox 347 2964 354 2988; x_wconf 87' lang='lat'>1</span> <span class='ocrx_word' id='word_1_459' title='bbox 376 2964 406 2989; x_wconf 85' lang='lat'>1.</span> <span class='ocrx_word' id='word_1_460' title='bbox 445 2951 659 3003; x_wconf 69' lang='lat' dir='ltr'>NOMOE]</span> <span class='ocrx_word' id='word_1_461' title='bbox 721 2951 812 2990; x_wconf 82' lang='lat' dir='ltr'>Hae</span> <span class='ocrx_word' id='word_1_462' title='bbox 852 2951 952 3004; x_wconf 69' lang='lat' dir='ltr'>lege,</span> <span class='ocrx_word' id='word_1_463' title='bbox 997 2951 1046 2990; x_wconf 87' lang='lat' dir='ltr'>de</span> <span class='ocrx_word' id='word_1_464' title='bbox 1087 2950 1420 3004; x_wconf 75' lang='lat' dir='ltr'>imprudentibus</span> <span class='ocrx_word' id='word_1_465' title='bbox 1463 2949 1682 2990; x_wconf 83' lang='lat' dir='ltr'>homicidis</span> 
     </span>
    </p>
   </div>
  </div>
 </body>
</html>
