1997 3256
437 151 764 190 ADVERSUS
799 151 1332 190 ARISTOGITONEM
1369 150 1401 189 I.
1565 151 1676 190 1033

164 257 294 310 iisque
327 256 518 297 immittis
548 256 659 296 velut
693 256 881 305 securim,
909 271 1034 309 quam
1064 270 1208 295 eorum
1240 255 1429 295 cruribus
1460 254 1676 308 impingas.

165 313 207 352 id
229 318 316 352 est:
351 327 425 352 eur
449 327 619 366 operam
652 313 792 366 perdis
824 313 862 351 in
895 313 972 352 1100
1003 312 1169 351 1101111116
1200 311 1283 351 11118
1312 325 1490 364 nequam
1514 311 1677 351 artibus

164 369 388 409 imbuendo
410 374 452 409 et
473 370 671 409 adversus
699 369 841 409 hostes
862 373 957 408 tuos
983 368 1210 408 armando?
1241 367 1309 420 qui
1331 368 1454 406 homo
1475 372 1678 420 tanquam

165 425 274 465 ensis
296 426 401 465 male
422 440 544 465 eusus
565 426 619 465 ad
641 425 818 479 primum
841 425 984 464 statim
1013 425 1142 464 ictum
1169 423 1408 463 retunditur
1429 428 1471 462 et
1492 423 1678 463 incurva-

164 486 236 521 tur
270 486 400 534 atque
432 496 628 521 mucrone
660 482 897 527 hebetatur,
930 495 1013 519 non
1039 480 1150 533 quod
1183 480 1308 519 hebes
1339 483 1381 518 et
1412 479 1574 527 tardus,
1606 480 1678 518 sed

165 538 276 591 quod
308 552 487 592 nequam
522 543 585 578 est
622 542 665 577 et
698 537 1010 591 praevaricator
1042 542 1167 589 teque
1207 535 1378 588 perinde
1413 539 1540 587 atque
1575 535 1680 574 alios

165 594 334 647 decipit.
401 595 537 634 Grave
571 595 741 633 verbum
777 598 820 632 et
855 592 1118 645 exquisitum.
1153 590 1379 642 eujusmedi
1414 591 1546 630 multa
1582 595 1680 630 sunt

164 650 287 703 hujus
315 650 527 698 orationis,
554 650 608 690 ad
634 664 740 703 quae
769 653 974 688 nauseant
999 647 1218 701 magistelli
1251 647 1306 685 illi
1338 646 1475 685 belluli
1508 651 1551 686 et
1582 646 1680 686 deli-

165 706 304 751 catuli.
327 706 419 759 plus
441 721 567 760 quam
594 720 670 759 par
697 710 762 745 est
792 705 1014 758 sapientes.
1078 703 1230 742 Melius
1261 701 1483 755 sapiebant
1504 707 1678 742 veteres.

165 762 359 801 REISK.
414 763 492 801 Vis
515 761 894 815 contrapositorum
916 761 1018 800 haee
1039 764 1127 799 est:
1162 759 1195 798 si
1219 757 1482 811 Aristogiton
1505 758 1679 811 simplex

165 823 231 858 est
258 819 530 872 sycophanta„
552 833 627 872 per
646 832 712 857 me
732 817 829 857 11061
854 817 889 857 61
917 815 1216 869 patrocineris3
1250 828 1325 853 1160
1347 813 1565 867 quisquam
1593 829 1679 854 rem

163 874 351 922 miretur,
375 889 468 914 cum
500 876 623 914 homo
654 874 767 913 utilis
798 873 875 913 tibi
898 873 1089 912 videatur
1108 872 1286 911 futurus.
1349 870 1469 909 Nune
1490 885 1583 909 011111
1605 871 1679 910 (111-

164 930 261 984 plex
297 931 351 971 sit
386 936 430 971 et
467 930 790 984 praevaricator,
821 929 932 982 quid,
962 928 1102 976 stulte,
1134 941 1303 981 operam
1336 926 1500 979 perdis?
1543 927 1681 977 Quan-

164 987 318 1026 tumvis
339 987 448 1026 enim
475 1002 570 1027 eum
599 986 772 1040 instiges
794 991 837 1026 et
863 999 990 1025 acuas
1018 984 1059 1023 in
1085 989 1181 1023 tuos
1210 982 1408 1031 inimicos,
1431 987 1571 1023 tamen
1593 997 1681 1023 sen-

165 1042 246 1083 ties
266 1043 460 1096 plumbeo
482 1048 525 1083 te
546 1042 607 1083 uti
628 1042 820 1096 pugione.
865 1041 1118 1081 SGHAEF.

226 1101 318 1153 784,
341 1101 402 1139 16.
438 1101 554 1139 εἰδότι
580 1116 644 1138 σοι
666 1098 822 1149 φράσω]
860 1098 1036 1138 Sensus:
1068 1097 1157 1150 ipse
1185 1095 1289 1141 scis;
1323 1099 1371 1134 ut
1392 1094 1460 1134 vix
1491 1109 1595 1148 opus
1626 1095 1682 1135 sit

165 1170 231 1195 me
253 1156 401 1195 dicere.
443 1154 667 1209 Dionysius
686 1154 823 1194 Halie.
840 1154 917 1193 vol.
934 1168 972 1201 4.
988 1169 1027 1207 p.
1047 1154 1170 1193 2126.
1190 1151 1372 1203 φορτικὸς
1393 1150 1442 1190 ἂν
1459 1153 1540 1201 εἴην
1558 1151 1682 1203 ἔγωγε

167 1214 210 1251 ἐν
233 1214 380 1252 εἰδόσιν
400 1213 489 1262 ὑμῖν
510 1213 677 1261 ἀκριβῶς
697 1210 840 1261 λέγων.
872 1210 943 1249 ubi
965 1225 1002 1248 v.
1018 1213 1104 1248 not.
1167 1207 1266 1247 Alia
1291 1207 1478 1260 congessi
1503 1207 1682 1261 Gregor.

167 1268 261 1308 Cor.
283 1284 321 1322 p.
348 1269 443 1322 833.
480 1268 592 1307 Add.
615 1282 655 1320 p.
679 1269 776 1320 613,
798 1280 857 1307 10.
901 1265 1156 1306 SCHAEF.

226 1325 319 1377 784.
339 1336 402 1364 22.
426 1325 657 1374 ἀνασείσας]
685 1323 768 1362 Ρ61·
789 1323 1006 1371 ἀπειλήσας
1027 1321 1209 1374 explieat
1227 1317 1524 1372 Harpocratio.
1565 1319 1684 1359 Com-

166 1395 288 1434 pares
310 1382 509 1420 ἆνασείειν
531 1380 645 1430 βοήν,
668 1379 777 1432 quod
801 1379 908 1418 dixit
930 1377 1237 1431 Aristophanes
1260 1375 1446 1415 Acharn.
1470 1386 1567 1428 347.

226 1439 320 1489 7847
346 1440 410 1476 26.
433 1434 735 1489 τίς-χρηστός]
771 1434 990 1475 Sententia
1012 1439 1100 1474 est:
1130 1432 1360 1486 ecqu'e'sjffln
1382 1431 1472 1478 erit,
1493 1431 1563 1484 qui
1584 1431 1686 1470 hunc

166 1493 284 1533 talem
315 1499 512 1533 „em-catam
542 1492 644 1538 velit.
676 1491 755 1531 sice
786 1491 853 1531 ille
883 1490 1012 1530 malus
1041 1496 1095 1529 est
1125 1489 1234 1536 civis,
1266 1488 1349 1527 sive
1368 1487 1524 1541 fruffli?
1571 1488 1686 1527 Nam

166 1550 324 1603 utrique
352 1548 522 1602 perinde
557 1547 714 1588 inutilis
747 1552 783 1587 et
820 1548 961 1587 noxius
995 1552 1062 1586 est.
1129 1547 1215 1585 Aut
1251 1557 1323 1583 σαν
1356 1549 1554 1583 servatum
1589 1545 1685 1583 eat?

168 1606 362 1645 RE‘ISK.

223 1661 246 1712 ἦ
275 1665 336 1702 διὰ
356 1663 396 1701 τί
406 1660 440 1715 3]
476 1661 580 1700 Post
610 1659 632 1710 ἦ
665 1662 726 1700 διὰ
756 1660 795 1699 τί
806 1677 816 1705 ς
850 1658 983 1698 tacita
1012 1662 1152 1698 mente
1183 1671 1207 1696 a
1239 1656 1393 1696 lectore
1427 1654 1525 1694 addi
1558 1655 1684 1694 debet

167 1719 302 1764 οὐδεὶς,
327 1732 580 1771 quamquam
611 1716 745 1770 ipsum
766 1716 937 1755 verbum
968 1714 1067 1754 addi
1099 1713 1155 1752 nil
1186 1726 1352 1752 neeesse
1381 1711 1447 1750 sit.
1509 1710 1686 1750 Obtinet

166 1775 245 1814 1100
266 1774 307 1814 111
329 1774 521 1813 omnibus
542 1773 705 1827 linguis,
728 1777 775 1812 ut
796 1771 1073 1825 interrogatio
1095 1783 1239 1810 carens
1265 1766 1532 1821 responsione
1563 1767 1685 1806 relin-

169 1835 337 1884 quatur.
375 1830 569 1870 REISK.
631 1829 725 1868 Non
755 1829 808 1868 asl
839 1827 861 1877 ἢ
894 1830 955 1867 διὰ
986 1829 1046 1873 τίς
1083 1825 1415 1866 subaudiendum
1446 1823 1580 1871 οὐδεὶς,
1614 1823 1685 1863 sed

168 1887 222 1927 ad
243 1887 562 1927 antecedentem
583 1884 957 1938 interrogationem
979 1883 1286 1934 τίς-χρηστόςε,
1334 1880 1403 1920 Ad
1430 1883 1684 1933 sequentem,

168 1943 202 1982 si
228 1943 380 1997 placet,
404 1942 580 1982 subaudi
603 1941 647 1981 δι’
666 1942 789 1981 οὐδέν.
850 1940 1071 1979 Habemus
1101 1938 1168 1977 1110
1199 1938 1304 1976 duas
1335 1935 1687 1989 interrogationes

169 2000 364 2052 deinceps
395 1999 566 2052 positas,
591 2012 694 2051 quas
714 1997 859 2036 eodem
882 1995 1026 2035 ordine
1053 1993 1264 2047 excipiunt
1289 1991 1468 2032 totidem
1499 1992 1687 2031 membra

168 2056 256 2095 viee
277 2055 496 2108 fungentia
517 2053 847 2108 responsionum.
894 2051 1101 2091 Videlicet
1126 2050 1181 2090 ad
1208 2049 1389 2103 priorem
1410 2048 1590 2087 refertur
1610 2052 1686 2087 τῶν

168 2107 441 2163 μὲν-γένους
463 2112 559 2159 ἐστὶ,
582 2111 636 2150 ad
657 2109 930 2163 posteriorem
952 2108 1057 2156 πλὴν
1079 2109 1215 2155 εἷ-τῇ
1237 2106 1364 2144 πόλει.
1404 2103 1657 2143 SOHAEF.

228 2169 323 2218 784,
350 2168 414 2207 28.
437 2167 686 2218 συκοφάντου
708 2167 770 2205 καὶ
790 2168 959 2215 πονηροῦ
982 2161 1156 2216 σπέρμα]
1190 2160 1409 2213 Aristoph.
1432 2160 1511 2199 AV.
1532 2172 1545 2198 1
1560 2173 1609 2199 10
1632 2159 1685 2199 A.

170 2223 405 2274 ἀπηλιαστά.
458 2227 500 2262 Β.
524 2224 722 2273 σπείρεται
755 2224 829 2272 γὰρ
862 2219 961 2259 τοῦτ’
988 2221 1070 2258 ἐκεῖ
1100 2219 1141 2258 τὸ
1175 2217 1356 2267 σπέρμα;
1390 2215 1546 2255 Athen.
1578 2219 1614 2255 6.
1642 2231 1682 2269 p.

173 2281 253 2334 256
276 2280 324 2319 B.
346 2280 389 2318 τὸ
413 2279 565 2330 σπέρμα
587 2283 660 2318 τῶν
684 2278 905 2328 ἐλλογίμων
928 2275 1118 2314 κολάκων,
1161 2273 1333 2313 DOBR.

229 2337 324 2387 784,
345 2349 409 2387 29.
433 2335 652 2386 ὡσπερανεὶ
673 2332 864 2385 γεωργὸς]
901 2332 1072 2383 Integra
1093 2329 1222 2369 dictio
1243 2329 1346 2368 haee
1368 2331 1456 2367 est:
1490 2327 1621 2377 ὥσπερ
1639 2326 1688 2366 ἂν

171 2395 289 2433 οἴοιτο
322 2395 403 2431 δεῖν
430 2391 620 2443 ὑπάρχειν
648 2389 800 2440 σπέρμα
832 2389 893 2427 καὶ
923 2387 1032 2438 ῥίζαν
1059 2387 1241 2437 (ὁτουοῦν
1266 2387 1422 2435 φυτοῦ),
1455 2385 1488 2422 εἰ
1517 2382 1688 2434 γεωργὸς

173 2451 242 2499 εἵη.
288 2447 539 2488 SCHAEF.

232 2505 327 2557 785,
350 2518 388 2553 4.
410 2502 647 2554 μοσχεύητε]
693 2499 944 2540 Scholiastes
968 2498 1222 2549 Hermogen.
1241 2496 1366 2549 juxta
1384 2495 1534 2534 finem:
1571 2497 1685 2533 Μοσ-

172 2562 305 2613 χεύειν
325 2560 513 2610 λέγουσιν
535 2560 571 2598 οἱ
602 2558 768 2608 γεωργοὶ
793 2557 836 2595 τὸ
859 2554 1050 2594 ἐντιθέναι
1081 2550 1404 2602 ἀνεστραμμένως
1434 2553 1482 2589 τὰ
1513 2549 1688 2600 κλήματα

175 2619 218 2657 ἐν
254 2617 439 2668 ὀρύγματι
478 2617 549 2666 γῆς
586 2614 648 2653 ἐπὶ
683 2614 734 2665 τῷ
771 2614 938 2663 ἐκφῦσαι
976 2611 1092 2661 ῥίζας,
1132 2607 1197 2647 εἶθ’
1229 2609 1347 2648 οὕτως
1388 2608 1684 2656 ἐμφυτευθῆναι.

174 2673 354 2713 Caetera
389 2685 540 2724 quaere
581 2668 623 2708 in
667 2667 829 2708 Lexicis
865 2665 1056 2719 vulgatis,
1105 2663 1362 2703 TAYLOR.
1438 2661 1491 2701 V.
1526 2661 1686 2701 Aneed.

175 2729 306 2768 Bekk.
329 2743 368 2782 p.
394 2728 485 2774 280‚
507 2727 568 2765 18.
594 2730 635 2765 61
662 2723 851 2763 l'hotius.
913 2721 1000 2760 Ubi
1036 2720 1069 2759 si
1106 2719 1291 2772 corrigas
1325 2719 1572 2769 Μοσχεύητε,
1602 2716 1687 2767 τρέ-

175 2791 286 2835 φητε,
316 2790 410 2837 (pro
439 2783 690 2834 μοσχεύηται,
718 2780 923 2830 τρέφηται)
950 2775 1171 2830 apparebit
1202 2774 1310 2813 unde
1340 2773 1521 2827 glossam
1551 2786 1689 2825 gram-

174 2840 315 2880 matici
338 2839 573 2893 petiverint.
617 2835 811 2876 SCHAE
823 2835 865 2873 1⁴¹.

235 2897 331 2949 785,
354 2909 411 2948 13.
435 2892 663 2946 κοπρώνων]
699 2891 751 2930 V.
778 2889 936 2929 Aneffll.
962 2888 1091 2927 Bekk.
1115 2902 1153 2940 p.
1184 2896 1274 2938 2722„
1304 2899 1310 2923 Ι
1331 2899 1360 2923 1.
1383 2888 1458 2922 τῶν
1481 2884 1687 2934 κοπρώνων
