1997 3256
721 150 781 189 IN
817 150 1070 189 MIDIAM.
1566 149 1643 191 791

135 270 251 310 quam
273 270 377 304 some,
399 269 518 310 qaum
540 269 800 307 componerem
821 254 920 302 illos,
937 253 1058 293 haben·
1082 254 1121 292 ἰη
1142 252 1334 299 manibus,
1357 266 1431 292 non
1453 258 1495 291 ut
1515 264 1647 290 aemu-

135 313 255 359 larer,
285 311 524 365 (improbum
554 312 655 351 enim
690 326 738 350 ac
764 324 860 363 pene
879 310 1120 363 fict‘e'oszcmq)
1148 309 1216 348 sed
1243 315 1373 348 tamen
1404 308 1588 347 imitarer
1614 312 1648 345 et

133 381 319 421 sequerer,
349 374 542 419 quantum
574 374 645 406 αιιΐ
674 367 883 406 diversitas
914 365 1169 418 ἱιιμωιίονιιηι,
1195 364 1364 402 111α,1’ῖ))ιὶ
1391 370 1461 403 aut
1487 362 1647 402 minimi

135 423 244 518 &lege
286 423 453 518 egwinzi
492 430 525 463 et
565 422 758 471 ηιῖηίηιὶ),
797 428 868 462 aut
907 435 1067 461 caussae
1106 419 1391 459 dissimilitudo
1422 424 1645 472 pateretur.

190 546 286 587 537,
313 536 378 573 28.
402 533 578 587 ὡς-ὡς]
605 534 845 586 Utrumque
867 535 915 574 ὡς
936 531 1095 571 omittit
1121 530 1384 570 Plutarchus.

190 589 393 643 ὑπάρχων]
419 590 555 629 Abest
574 605 600 629 a
624 589 811 643 Longino
832 594 875 628 et
897 590 1022 627 αὑτῶν
1042 602 1080 639 p.
1103 589 1200 638 538,
1226 598 1262 624 2.
1299 584 1492 624 REISK.

191 647 287 685 ὅταν
309 648 521 691 κονδύλοις,
546 646 639 684 ὅταν
661 647 723 684 ἐπὶ
746 644 894 697 κόρρης]
922 643 1112 682 Tiberius
1134 657 1172 694 p.
1194 642 1261 690 48.
1280 646 1322 680 et
1343 654 1396 693 59
1415 657 1421 679 ε
1470 641 1565 678 ὅταν
1588 639 1650 678 ἐπὶ

136 703 281 752 κόρρης,
311 703 406 740 ὅταν
438 702 648 742 κονδύλοις.
711 700 865 739 Noster
895 699 998 737 ordo
1028 698 1160 737 multo
1190 696 1379 749 gravior:
1419 709 1514 734 nam
1545 694 1650 734 aliae

135 757 263 797 etiam
285 757 470 810 eorporis
490 761 632 809 partes
654 760 829 809 possunt
851 756 1053 795 κονδύλοις
1073 752 1250 806 percuti.
1293 751 1487 804 Apparet
1508 755 1650 789 autem

134 813 177 851 h.
193 813 218 852 l.
237 814 436 854 κονδύλοις
457 818 498 851 et
518 814 579 851 ἐπὶ
596 813 731 862 κόρρης
753 825 836 850 11011
853 809 1004 849 diversi
1025 808 1188 862 generis
1209 807 1381 860 injurias
1402 805 1649 860 significare,

135 868 207 908 sed
229 868 372 907 referri
394 868 448 908 ad
470 867 643 907 eandem
666 865 972 906 contumeliam.
1007 863 1257 905 SOHAEF.

190 925 287 977 538,
328 937 358 962 1.
396 927 516 963 ταῦτα
557 926 666 971 κινεῖ,
704 925 823 961 ταῦτα
863 921 1078 974 ἐξίστησιν]
1121 919 1238 960 Citat
1279 917 1469 958 Tiberius
1509 932 1548 971 p.
1582 930 1651 969 59.

136 979 386 1020 SCHAEF.

192 1036 416 1086 ἀνθρώπους
437 1034 582 1087 αὐτῶν]
607 1035 732 1073 αὐτῶν
754 1033 979 1084 ἀνθρώπω-ις
1001 1030 1268 1070 Plutarchus.

191 1092 287 1144 538,
314 1104 349 1132 2.
374 1091 508 1143 ὄντας]
536 1090 708 1130 Omittit
732 1088 999 1128 Plutarchus.
1056 1136 1061 1140 .

191 1149 287 1200 538,
316 1160 379 1186 10.
412 1145 625 1199 γνωρίμου]
661 1147 781 1197 φίλου
818 1144 1025 1197 Harpocr.
1062 1158 1094 1182 s.
1131 1158 1166 1182 v.
1200 1142 1397 1182 ἀντίθεσις
1428 1140 1652 1180 memoriae

135 1218 289 1243 errore.

191 1261 289 1313 538,
320 1268 380 1312 15.
402 1260 455 1299 εἰς
476 1259 601 1297 οἰκίαν
623 1257 764 1310 ἐλθὼν]
789 1256 927 1296 Multo
954 1254 1120 1309 gravior
1146 1259 1211 1293 est
1239 1252 1389 1306 injuria
1417 1252 1527 1290 domi
1555 1266 1654 1292 suae

134 1315 313 1368 aliquem
339 1314 493 1354 violare
515 1329 639 1367 quam
661 1313 743 1353 alio
772 1313 813 1351 in
840 1313 942 1352 loeo.
1004 1311 1095 1361 Quo
1117 1311 1252 1362 majus
1282 1313 1373 1348 erat
1403 1308 1562 1347 Boeoto
1583 1308 1654 1360 jus

137 1371 378 1411 Euaeonem
413 1370 671 1415 verberandi,
703 1369 771 1422 qui
803 1369 857 1408 ad
889 1382 931 1407 se
964 1367 1074 1406 domi
1112 1381 1210 1405 suae
1241 1365 1455 1404 sedentem
1485 1369 1529 1403 et
1560 1378 1654 1403 eum

135 1427 278 1467 amieis
310 1430 530 1480 potantem
561 1425 777 1479 irrupisset
809 1424 921 1464 haud
952 1427 1123 1462 vocatus
1156 1435 1383 1475 pacemque
1416 1434 1534 1459 suam
1567 1424 1655 1459 tur-

135 1484 289 1523 basset.
334 1482 490 1522 Midiae
513 1486 655 1521 autem
671 1482 740 1534 jus
761 1481 917 1519 nullum
939 1484 1031 1518 erat
1049 1477 1375 1517 Demosthenem
1393 1474 1654 1514 verberandi.

136 1539 440 1578 Demosthenes
461 1538 571 1577 enim
593 1552 687 1576 eum
716 1551 797 1575 non
819 1536 1043 1575 violaverat
1074 1547 1207 1586 neque
1234 1531 1334 1572 foris
1364 1545 1497 1583 neque
1525 1530 1650 1570 domi.

136 1594 330 1634 REISK.
393 1594 518 1633 Unde
541 1593 735 1633 Reiskius
764 1591 981 1631 resciverit
1005 1590 1245 1630 Euaeonem
1265 1588 1306 1627 in
1327 1588 1465 1627 Boeoti
1487 1587 1654 1626 domum

135 1650 345 1704 irrupisse,
367 1664 537 1703 prorsus
559 1649 717 1703 ignoro.
752 1647 1002 1688 SCHAEF.

191 1709 288 1760 538,
318 1708 380 1745 16.
412 1706 463 1755 μὴ
493 1719 569 1758 pro
599 1707 694 1753 μηδὲ
725 1703 969 1743 restitutum
1001 1716 1023 1740 e
1056 1700 1163 1739 libro
1191 1699 1363 1752 optimo.
1398 1698 1524 1738 Vere.
1560 1698 1655 1738 Non

134 1762 287 1802 licebat
320 1761 477 1800 homini
513 1761 606 1800 illue
642 1761 713 1809 ire,
747 1759 858 1813 quod
892 1772 975 1798 non
1007 1760 1118 1797 esset
1150 1756 1203 1795 ad
1235 1768 1407 1794 coenam
1438 1754 1654 1794 invitatus.

191 1873 252 1913 ὑπ’
285 1875 427 1925 ἐχθροῦ
465 1872 658 1924 νήφοντος
692 1873 824 1917 ἕωθεν,
858 1869 1050 1921 ὕβρει-]
1100 1866 1350 1919 Distingue:
1402 1863 1463 1904 ὑπ’
1499 1866 1654 1916 ἐχθροῦ,

136 1929 339 1980 νήφοντος,
364 1929 496 1974 ἕωθεν,
525 1931 714 1979 ὕβρει-.
748 1927 854 1966 Post
880 1925 1044 1978 singula
1075 1923 1185 1963 enim
1214 1922 1317 1960 haec
1350 1920 1540 1970 κομμάτια
1568 1919 1658 1959 voei

135 1985 411 2025 insistendum
451 1989 527 2024 est.
570 1985 692 2023 ἕωθεν
732 1982 1016 2036 significanter
1055 1979 1266 2032 positum:
1319 1990 1417 2016 nam
1459 1976 1540 2015 tale
1577 1975 1658 2014 diei

135 2046 300 2094 tempus
331 2055 414 2079 non
447 2040 576 2079 habet
612 2038 924 2078 exeusationem
960 2035 1126 2089 qualem
1162 2038 1368 2073 nocturna
1405 2031 1656 2071 comissatio.

137 2096 389 2137 SCHAEF.
435 2096 503 2135 Sic
525 2095 709 2135 distinxi.

191 2155 288 2206 538,
321 2164 378 2202 ¹7·
402 2153 511 2204 οἴνῳ]
540 2152 572 2190 Ι.
591 2166 629 2204 q.
646 2152 756 2201 μέθῃ.
800 2149 867 2188 Sie
889 2148 1016 2187 etiam
1033 2162 1073 2199 p.
1092 2156 1188 2199 573,
1212 2158 1244 2183 1.
1285 2143 1402 2184 Conf.
1421 2143 1573 2195 p.526,
1596 2153 1658 2196 15.

137 2208 390 2249 SCHAEF.
1260 2228 1265 2231 ι

192 2266 289 2317 538,
315 2277 380 2316 23.
414 2265 464 2317 τῷ
501 2262 529 2302 δ’
566 2261 890 2301 Εὐαίωνι-τότε
923 2258 1089 2310 πολλοί]
1132 2255 1248 2296 Citat
1282 2253 1473 2293 Tiberius
1508 2268 1548 2306 p,
1576 2265 1659 2306 57„

135 2319 368 2360 admiscens
397 2318 462 2358 ille
489 2317 686 2357 nonnulla
713 2331 734 2356 e
760 2331 795 2355 v.
824 2330 901 2363 10„
926 2314 999 2354 sed
1026 2313 1226 2352 omittens
1256 2311 1317 2349 καὶ
1343 2310 1659 2359 πᾶσιν-ἀτιμα-

138 2375 293 2428 ζομένῳ.
328 2374 577 2414 SCHAEF.

195 2432 256 2470 καὶ
277 2434 409 2476 πᾶσιν,
434 2431 543 2469 εἴτις
574 2430 673 2481 αὐτῷ
700 2425 965 2478 βεβοήθηκεν]
990 2425 1107 2464 Idem
1134 2427 1196 2462 est
1223 2435 1271 2461 ae
1298 2420 1331 2459 si
1362 2419 1565 2459 dixisset:
1599 2420 1661 2458 καὶ

137 2490 269 2533 πᾶσιν,
307 2487 447 2526 οἵτινες
484 2486 632 2524 ἑαυτοῖς
669 2481 978 2531 βεβοηθήκασιν,
1014 2482 1049 2519 εἴ
1081 2495 1183 2519 τινες
1222 2479 1389 2516 τοιοῦτοι
1429 2476 1659 2526 γεγόνασιν.

138 2542 334 2582 REISK.

194 2599 290 2649 538,
316 2609 381 2647 24.
414 2592 819 2645 δοκοῦσι-πολλοί]
854 2590 1021 2630 Scilicet
1053 2589 1217 2629 veniam
1252 2585 1442 2626 Euae-oni
1484 2584 1660 2625 dedisse.

139 2653 333 2693 REISK.
395 2650 611 2691 Tiberius:
648 2648 724 2688 ἀπὸ
749 2651 877 2686 κοινοῦ
899 2647 1188 2697 συγγνώμην
1220 2644 1363 2693 ἔχειν.
1398 2640 1650 2680 SCHAEF.

195 2711 291 2763 538,
310 2721 375 2760 27.
398 2705 698 2758 φιλάνθρωπον]
729 2703 822 2742 Non
843 2716 963 2741 sensu
987 2701 1055 2740 illo
1077 2698 1259 2753 graviori
1281 2696 1570 2743 humanitatis,
1592 2695 1663 2748 qui

139 2770 204 2805 est
234 2779 361 2817 supra
390 2779 430 2816 p.
452 2764 548 2815 518,
571 2772 668 2813 529.
700 2759 773 2798 sed
802 2756 1013 2797 comitatis
1045 2762 1088 2794 et
1117 2752 1373 2799 blandiendi,
1401 2756 1449 2790 ut
1477 2751 1542 2790 De
1570 2751 1660 2790 fals.

140 2821 241 2873 Leg.
292 2835 332 2872 p.
359 2822 456 2873 384.
505 2816 724 2869 Philippus
775 2813 927 2853 dieitur
972 2810 1390 2862 φιλανθρωπευόμενος
1429 2806 1525 2856 πρὸς
1575 2807 1664 2848 τοὺς

138 2877 343 2926 πρέσβεις.
376 2875 461 2914 SP.
497 2873 554 2912 H.
579 2873 604 2911 1.
626 2874 711 2910 fere
733 2870 841 2909 idem
863 2868 973 2922 quod
996 2865 1337 2916 ἀνθρωπάρεσκον.
1373 2861 1625 2902 SCHAEF.

196 2943 292 2984 539,
315 2943 354 2983 3.
385 2927 647 2980 ἀπογνόντας]
683 2924 1056 2966 Demosthenicum
1083 2921 1193 2960 hune
1224 2932 1344 2958 usum
1373 2916 1488 2957 verbi
1521 2917 1658 2968 ἀπογι-
