1997 3256
494 149 817 190 ADVERSUS
851 149 1338 190 ARISTOORATEM.
1592 149 1671 192 941

161 259 329 308 praeter
353 254 455 295 haec
477 255 604 295 etiam
627 256 829 307 εὐεργεσία
852 259 893 294 et
914 255 1052 306 δωρεαὶ
1074 254 1322 293 indicantur.
1386 253 1547 292 Nomen
1571 253 1674 303 εὐερ-

161 311 277 361 γέτου
298 315 345 350 ut
366 311 639 351 honorificum
666 311 807 351 multis
836 311 995 351 solebat
1023 310 1150 350 tribui
1171 314 1214 350 et
1236 310 1354 349 valde
1382 310 1670 362 expetebatur.

165 367 400 406 WEBER.

219 426 314 476 670,
339 437 378 477 5.
405 424 448 462 τό
468 441 510 463 τε
531 425 723 476 ψήφισμα
744 423 944 474 ἀνάγνωθί
968 440 1034 473 μοι
1055 422 1096 462 τὸ
1118 423 1205 473 περὶ
1226 426 1302 461 τῶν
1323 421 1476 472 ὁμήρων
1498 438 1531 460 κ.
1554 438 1587 461 τ.
1611 420 1671 475 λ.]

163 478 282 519 Haec
310 480 371 519 ita
398 480 555 534 cogites
583 482 708 520 faeta.
772 479 1004 532 Iphicrates
1035 477 1279 531 perscripsit
1303 478 1358 517 ad
1380 476 1673 525 Athenienses,

161 550 205 575 se
227 535 392 575 obsides
410 536 791 590 Amphipolitarum
812 536 865 575 ab
882 535 1071 588 Harpalo
1087 534 1295 587 accepisse
1317 537 1359 573 et
1381 533 1421 572 in
1442 533 1675 573 cust-odiam

163 592 402 631 Charidemi
438 593 625 638 dedisse;
663 601 754 632 tum
785 592 954 631 decreto
986 590 1163 644 populus
1199 589 1339 629 sanxit
1372 593 1419 628 ut
1450 588 1507 627 illi
1543 589 1597 628 ad
1631 604 1676 629 80

162 647 356 688 Athenas
382 649 658 694 dueerentur;
694 648 766 687 sed
794 647 974 687 consiliis
1002 647 1089 699 ejus
1116 645 1292 700 perfidia
1315 644 1552 685 Charidemi
1581 659 1675 684 0011-

161 704 318 753 fractis,
348 705 565 744 renunciat
588 704 833 744 Timotheus
862 703 973 756 quod
1000 703 1157 742 faetum
1188 706 1280 742 erat
1310 705 1438 754 atque
1468 700 1510 740 id
1541 700 1675 754 ipsum

161 760 281 800 simul
313 761 469 801 additis
505 760 754 801 testimoniis
785 773 939 806 eorum,
973 758 1043 812 qui
1078 762 1321 811 praesentes
1354 757 1543 804 aderant,
1577 771 1673 796 0011-

160 816 353 857 firmavit.
389 817 622 856 WEBER.
685 816 764 867 Qui
792 815 899 855 infra
920 818 1122 867 quattuor
1151 814 1350 853 lemmata
1377 812 1530 867 posuit,
1562 816 1676 853 EHI-

161 877 359 913 ΣΤΟΛΗ.
400 877 666 913 ΨΗΦΙΣΜΑ.
713 875 1007 911 ΕΠΙΣΤΟΛΗ.
1051 874 1335 910 ΜΑΡΤΎΡΙΑ.

219 931 313 982 670,
340 943 378 982 9.
400 931 538 980 αἰτίας]
575 928 849 969 Seribendum
871 929 998 967 αἰτίαν
1019 941 1069 966 ex
1093 926 1133 966 S.
1155 926 1210 965 Υ.
1235 926 1284 966 Ο.

219 987 313 1038 670,
336 999 395 1037 15.
419 986 545 1040 δεῦρο]
581 985 613 1025 Ι.
637 1000 675 1040 q.
700 987 837 1025 ἐκεῖσε.
884 983 938 1023 V.
961 998 1000 1037 p.
1024 985 1118 1035 669,
1145 995 1209 1036 23.
1258 982 1518 1022 SCHAEF.

218 1043 313 1095 670,
337 1043 395 1082 18.
422 1041 651 1095 ἐπιστολῆς]
686 1039 908 1081 Timothei.
972 1039 1013 1079 Is
1041 1039 1152 1080 enim
1180 1038 1331 1079 bellum
1361 1038 1415 1078 ad
1443 1037 1675 1092 Amphipo-

160 1096 218 1136 lin
238 1103 439 1151 gesserat.
488 1098 542 1137 V.
565 1114 603 1152 p.
628 1100 722 1150 669,
748 1099 783 1137 8.
831 1096 1025 1136 REISK.

230 1158 324 1205 670,
357 1167 422 1209 23.
466 1155 759 1206 Κηφισόδοτον]
825 1152 1153 1206 Cephisodotum
1194 1151 1524 1199 Cerameensem,
1566 1150 1677 1190 inter

161 1211 413 1250 caussidicos
435 1217 525 1251 tum
552 1215 746 1264 potentes
778 1209 1038 1249 nominatum
1060 1224 1098 1262 p.
1121 1220 1218 1262 501.
1240 1220 1337 1261 502.
1361 1207 1676 1261 intelligendum

160 1266 291 1307 videri
313 1271 455 1308 monet
477 1267 672 1307 Reiskius
692 1267 733 1306 in
758 1266 922 1305 Indice:
947 1266 999 1306 de
1020 1279 1102 1319 quo
1120 1280 1155 1304 v.
1179 1264 1400 1304 Ruhnken.
1427 1263 1541 1304 Hist.
1565 1268 1675 1303 orat.

160 1338 200 1376 p.
226 1337 316 1373 141.
352 1323 526 1364 Sievers.
563 1324 678 1364 Hist.
709 1323 782 1362 Gr.
814 1338 852 1376 p.
883 1335 979 1374 302.
1014 1327 1057 1362 et
1090 1320 1330 1374 Kiesslingii
1368 1327 1589 1360 comment.
1625 1320 1675 1359 de

160 1379 406 1434 fragmentis
432 1380 608 1434 Lycurgi
630 1395 670 1433 p.
696 1392 784 1419 110.
849 1379 966 1418 Idem
1002 1378 1116 1418 haud
1148 1376 1273 1416 dubie
1308 1382 1372 1416 est
1404 1376 1474 1430 qui
1506 1376 1678 1429 Apollo-

161 1436 264 1475 doro
287 1436 503 1490 injudicio
525 1441 694 1490 praesto
716 1435 819 1475 fuit:
853 1450 889 1474 v.
913 1450 953 1488 p.
976 1436 1094 1479 1228,
1118 1447 1156 1487 3.

219 1494 314 1544 670,
340 1505 404 1544 27.
431 1493 666 1546 κομιεῖσθαι]
700 1491 766 1531 Sic
789 1491 914 1531 etiam
937 1506 975 1544 p.
1002 1492 1096 1543 671,
1119 1490 1184 1530 28.
1211 1490 1305 1543 673,
1329 1500 1393 1543 25.
1458 1488 1538 1539 Qui
1560 1488 1676 1528 verbi

161 1563 259 1588 usus
291 1549 426 1589 rarior
458 1554 535 1590 est.
605 1547 773 1589 Solenni
807 1562 883 1587 usu
912 1562 951 1600 p.
978 1550 1072 1596 672,
1096 1548 1159 1586 18.
1191 1546 1260 1596 τὴν
1291 1546 1545 1597 Χερρόνησου
1576 1546 1678 1587 ὅπως

162 1609 359 1654 κομιεῖσθε
379 1608 485 1655 ὑμεῖς
507 1609 738 1656 συμπρᾶξαι.
781 1603 1032 1645 SCHAEF.

225 1664 320 1713 671,
350 1675 382 1702 1.
416 1661 650 1715 ἀπόμισθος]
704 1661 819 1701 Citat
859 1660 900 1699 h.
936 1660 961 1700 l.
1001 1657 1317 1712 Harpocration
1352 1672 1389 1697 v.
1420 1658 1676 1708 Ἀπόμισθος.

161 1717 356 1758 REISK.

219 1776 314 1826 671,
336 1787 376 1828 3.
399 1776 460 1814 διὰ
482 1774 551 1824 τὴυ
573 1775 779 1825 σύλληψιν
800 1771 1110 1825 τὴνἈρταβάζῳ
1133 1774 1347 1820 συμβᾶσαν
1368 1771 1454 1809 τότε
1476 1768 1537 1809 ὑπ’
1557 1769 1681 1809 Αὐτο-

162 1830 379 1883 φραδάτου]
423 1831 676 1877 Artabazus,
709 1829 820 1883 regis
854 1829 1078 1868 Persarum
1115 1841 1166 1866 ex
1201 1826 1287 1866 filia
1324 1840 1467 1878 nepos,
1498 1830 1545 1864 ut
1581 1825 1679 1865 Plu-

161 1887 333 1927 tarchus
357 1887 411 1926 V.
437 1886 668 1928 Alexandri
702 1885 818 1932 dicit,
851 1900 876 1924 a
910 1899 1007 1938 rege
1040 1883 1263 1923 defecerat.
1311 1882 1392 1922 vid.
1417 1881 1589 1921 Diodor.
1617 1895 1678 1935 15,

161 1956 229 1993 00.
258 1946 319 1990 16,
354 1956 418 1983 22.
452 1943 725 1982 Demosthen.
758 1940 938 1994 Philipp.
967 1941 999 1979 l.
1029 1955 1069 1993 p.
1093 1942 1162 1989 46.
1232 1939 1303 1978 Ab
1336 1938 1455 1978 initio
1491 1937 1680 1991 superior

161 1999 268 2039 bello
297 2000 447 2045 factus,
470 1999 641 2039 tandem
670 2002 818 2051 eaptus
846 2002 889 2037 et
914 1996 1237 2050 comprehensus
1265 1999 1330 2035 est
1359 1995 1412 2034 ab
1435 1994 1679 2047 Autophra-

161 2056 275 2103 data,
298 2070 380 2094 11110
401 2070 453 2095 ex
475 2054 670 2108 satrapiS,
693 2054 761 2107 qni
784 2058 931 2093 contra
952 2052 1182 2106 perduelles
1203 2051 1460 2105 pugnabant.
1514 2050 1677 2090 Cornel.

162 2111 267 2165 Nep.
290 2112 343 2151 V.
370 2113 542 2151 Datam.
566 2126 600 2151 0.
629 2123 664 2150 2.
726 2111 809 2151 Sed
834 2109 1185 2163 Autophradatas
1207 2108 1294 2161 ipse
1317 2106 1453 2146 minus
1474 2107 1678 2160 probatus

161 2173 266 2208 erat.
301 2168 354 2207 V.
382 2168 552 2207 Diodor.
579 2178 637 2221 15,
662 2180 728 2218 91.
790 2166 855 2205 Ex
878 2181 959 2219 qua
982 2165 1046 2205 ille
1068 2164 1314 2218 captivitate
1335 2168 1383 2203 ut
1410 2163 1675 2210 liberaretur,

164 2224 364 2264 Memnon
388 2229 429 2264 et
454 2225 638 2271 Mentor,
658 2223 823 2270 Rhodii,
846 2223 998 2262 fratres
1016 2222 1103 2275 ejus
1125 2220 1279 2266 uxoris,
1298 2233 1401 2272 (11108
1422 2219 1537 2273 prius
1559 2233 1677 2272 prae-

160 2281 294 2321 fectos
329 2280 635 2333 provinciarum
670 2280 841 2324 fecerat,
877 2278 1186 2325 Charidemum,
1221 2290 1399 2329 quocum
1427 2279 1546 2315 vetus
1583 2289 1678 2314 0011-

162 2337 340 2376 suetudo
369 2336 468 2390 ipsis
494 2340 616 2384 esset,
639 2336 828 2375 mercede
856 2335 1147 2374 conduxerunt
1177 2347 1269 2372 cum
1298 2331 1438 2384 copiis.
1503 2331 1561 2370 Et
1593 2331 1679 2370 sive

161 2398 277 2433 metu
305 2393 428 2445 hujus
456 2392 583 2439 ducis,
607 2392 690 2431 sive
719 2391 809 2431 aliis
837 2389 995 2430 caussis
1025 2393 1256 2429 commotus
1285 2402 1306 2427 0
1328 2387 1498 2426 vinculis
1520 2386 1678 2427 dimisit

162 2448 514 2502 Autophradatas
536 2447 761 2500 captivum.
826 2448 1033 2486 Attamen
1056 2445 1296 2484 Artabazus
1317 2448 1359 2483 et
1380 2443 1591 2490 Memnon,
1608 2443 1678 2495 qui

163 2510 206 2545 et
227 2505 314 2558 ipse
336 2504 580 2544 defectionis
602 2503 708 2542 illius
733 2502 942 2556 particeps
969 2506 1074 2549 crat,
1098 2515 1225 2554 quum
1253 2514 1335 2538 non
1363 2503 1534 2552 possent
1564 2498 1677 2539 intra

162 2562 266 2601 fines
287 2561 396 2612 regis
419 2561 488 2599 din
511 2574 552 2599 se
575 2559 801 2606 continere,
820 2557 953 2597 eoacti
975 2562 1073 2596 sunt
1094 2571 1187 2595 cum
1210 2556 1294 2595 suis
1317 2554 1357 2593 in
1382 2554 1677 2594 Macedoniam

163 2618 217 2657 ad
256 2617 495 2670 Philippum
538 2615 732 2668 migrare,
768 2614 837 2654 ubi
877 2613 1133 2666 aliquamdiu
1176 2610 1420 2651 commorati
1462 2610 1678 2650 redierunt

168 2674 362 2713 Mentore
383 2677 631 2721 arcessente,
655 2671 723 2724 qui
746 2669 1004 2710 auctoritate
1029 2683 1103 2708 sua
1129 2667 1294 2707 interim
1323 2666 1578 2719 amplificata
1601 2681 1677 2720 pro

164 2730 297 2769 salute
331 2733 606 2777 cognatorum
636 2728 847 2766 utebatur.
912 2725 970 2764 Et
1004 2725 1203 2763 Memnon
1234 2727 1382 2776 postea
1413 2736 1588 2774 magnae
1615 2722 1678 2760 vir

164 2785 448 2838 amplitudinis
469 2784 579 2824 inter
598 2783 748 2822 Persas
769 2782 861 2821 suit.
902 2781 956 2820 Υ.
975 2780 1147 2819 1)10(101·.
1172 2781 1234 2827 16,
1249 2791 1317 2831 52.
1337 2777 1475 2830 ibique
1499 2777 1674 2817 N'Vessel.

168 2841 400 2880 Wssfflsslz.

223 2900 317 2947 671,
343 2898 380 2934 3.
405 2898 559 2946 Σκῆψιν
582 2895 643 2934 καὶ
665 2893 867 2945 Κεβρῆυα]
907 2892 961 2931 V.
986 2889 1272 2944 Harpocratio
1294 2904 1326 2928 s.
1349 2888 1412 2927 his
1434 2903 1471 2927 v.

225 2955 319 3003 671,
343 2966 381 3004 9.
398 2950 544 3004 Ἴλιον]
580 2951 643 2990 De
667 2950 731 2989 Ilii
753 2949 899 2989 callide
924 2962 998 3001 per
1020 2946 1313 2988 Charidemum
1333 2946 1446 2985 faeta
1467 2957 1680 2998 expugna-
