1997 3256
728 180 790 220 IN
824 180 1009 221 MIDIA
1020 181 1079 221 M.
1577 183 1660 223 827

140 285 228 338 jam
250 289 391 326 aetate
412 285 714 339 provectiorem
742 292 842 327 tunc
870 287 995 327 fuisse
1023 291 1203 341 oportet,
1227 286 1259 325 si
1286 300 1428 325 verum
1456 290 1520 326 est
1549 286 1660 339 quod

143 356 337 395 auguror,
375 342 549 381 eundem
585 342 709 382 fuisse
748 348 913 397 patrem
951 343 1156 389 Aesionis,
1192 342 1489 382 Demosthenis
1530 342 1658 395 ipsius

144 397 412 451 condiscipuli
449 397 581 449 (Suid.
614 413 643 437 8.
675 414 710 438 v.
745 399 1013 450 Δημοσθένης,
1045 401 1094 439 cf.
1130 399 1239 439 Plut.
1278 399 1394 438 Dein.
1430 412 1489 438 11.
1523 398 1659 438 Arist.

144 453 268 493 Rhet.
296 468 333 508 3,
362 467 422 501 10,
456 456 515 506 7).
579 455 775 495 Ceterum
811 456 852 495 in
884 455 1019 495 verbis
1052 455 1278 496 testimonii
1317 469 1398 493 non
1433 454 1660 494 admodum

143 509 315 550 offendit
339 509 437 549 illud
459 511 602 552 παντὸς
624 513 664 551 δὲ
686 515 753 551 τοῦ
774 513 919 551 στόλου
941 513 1154 558 πλεόντων,
1175 512 1245 550 sed
1268 511 1475 564 singulare
1497 515 1562 550 est
1583 511 1660 550 sub

142 566 266 605 finem
303 567 413 619 quod
450 566 604 619 legitur
639 567 933 618 συγκατέστησε
970 567 1287 607 WESTERM.
1363 566 1459 606 Hoc
1496 580 1660 619 1111011119

142 622 428 662 19811111011111111
450 623 633 663 defendit
654 623 893 663 Voemelius
916 624 1147 664 comment.
1170 634 1210 676 5.
1235 637 1273 675 p.
1302 636 1315 661 1
1330 636 1362 661 1.

199 680 295 732 569,
326 693 357 718 1.
381 683 448 718 τοῦ
471 681 615 719 στόλου
636 681 856 732 πλεόντων]
883 680 978 719 Hoc
1001 694 1114 727 sane,
1136 679 1177 718 in
1200 693 1281 731 quo
1303 692 1499 717 numerus
1523 677 1660 731 singu-

142 734 239 774 laris
261 740 303 775 et
332 735 502 788 pluralis
531 734 713 789 contigui
743 740 999 788 comparent,
1022 750 1122 789 prae
1152 734 1243 774 aliis
1271 734 1420 772 mirum
1449 739 1512 773 est
1537 734 1660 786 hujus

142 790 302 844 figurae
338 792 596 844 cxemphnn;
636 791 746 845 quod
777 795 916 831 tutum
952 796 1093 831 tamen
1128 805 1216 830 esse
1249 790 1431 829 debebat
1461 804 1486 829 a
1518 789 1659 828 Jurini

142 847 398 887 correctione
419 848 621 890 πλέοντος.
685 847 782 887 Vid.
807 847 932 887 Dorv.
956 848 1010 887 ad
1033 846 1190 887 Charit.
1213 861 1253 900 p.
1268 856 1364 899 353.
1389 847 1524 899 (415.)
1548 845 1661 898 apud

143 918 265 957 quem
286 904 397 943 inter
416 903 497 943 alia
523 903 707 944 invenias
729 918 780 943 ex
807 903 956 957 Lysiae
983 904 1074 943 loco
1096 917 1177 942 non
1204 902 1391 942 indicato
1417 903 1486 951 τὴν
1507 902 1661 952 βουλὴν

141 959 404 1009 -δήσαντας,
428 964 469 999 91
492 974 541 999 ex
564 959 737 1000 Luciani
760 960 958 1013 Gymnas,
987 973 1046 1010 17.
1078 960 1118 999 εὗ
1141 961 1221 999 ’ίσθι
1247 959 1297 1000 ὡς
1324 959 1391 998 οὐκ
1418 960 1660 1010 αἰσχυνεῖται

141 1016 163 1065 ἡ
189 1014 410 1065 Ἀθηναίων
435 1018 550 1058 πόλις
577 1019 682 1068 παρὰ
708 1016 916 1068 βαρβάρου
946 1017 1006 1056 καὶ
1028 1015 1141 1066 ξένου
1169 1018 1216 1056 τὰ
1239 1014 1486 1066 ξυμφέροντα
1512 1014 1661 1064 μανθά-

143 1088 287 1113 νοντες.
322 1072 547 1112 BUTTM.

199 1130 294 1181 569,
317 1141 357 1181 3.
388 1131 553 1170 Μειδίας
580 1129 833 1179 ὑπολειφθεὶς
862 1133 928 1168 τοῦ
959 1131 1103 1169 στόλου
1133 1147 1164 1169 κ.
1187 1145 1220 1168 τ.
1244 1127 1300 1181 λ.]
1330 1127 1477 1168 (litant
1500 1127 1659 1166 Anecd.

142 1183 273 1223 Bekk.
298 1199 336 1238 p.
363 1198 450 1238 131,
475 1199 512 1237 9.
535 1199 666 1239 usque
686 1186 739 1224 ad
762 1199 825 1223 vv.
851 1186 911 1224 καὶ
934 1186 1070 1225 ἄλλων
1091 1189 1230 1225 τινῶν;
1263 1199 1303 1238 1).
1326 1195 1417 1237 177,
1446 1194 1506 1235 17.
1530 1197 1660 1237 usque

142 1240 196 1280 ad
218 1255 281 1280 vv,
305 1241 374 1290 τὴν
397 1245 493 1281 ναῦν
515 1243 655 1291 ξύλων.
689 1241 940 1281 SCHAEF.

201 1298 365 1338 Μειδίας
385 1298 658 1353 ὑπολειφθεὶς]
694 1300 858 1339 Μειδίας
884 1299 914 1337 δ’
937 1298 1192 1349 ἀπολειφθεὶς
1219 1296 1379 1336 Α119011.
1410 1295 1544 1335 Bekk.
1569 1295 1661 1335 loco

142 1352 270 1406 priori
288 1370 294 1393 :
330 1355 493 1395 Μειδίας
514 1356 556 1393 δὲ
576 1355 830 1404 ὑπολειφθεὶς
851 1353 1086 1407 posteriori.
1122 1352 1373 1394 SCHAEF.

199 1411 295 1463 569,
319 1420 356 1464 5.
380 1409 509 1459 ξύλων
531 1410 593 1450 καὶ
614 1410 795 1462 χαράκων
818 1412 879 1450 καὶ
899 1409 1180 1462 βοσκημάτων]
1203 1409 1329 1449 Hune
1350 1408 1486 1448 10011111
1507 1408 1662 1461 allegat

145 1466 398 1506 Plutarchus
431 1466 473 1505 in
505 1466 642 1506 libello
675 1468 745 1506 An
777 1466 863 1506 seni
891 1466 1075 1520 gerenda
1109 1465 1163 1506 sit
1194 1464 1373 1518 respubl.
1407 1466 1503 1503 ὅπου
1535 1466 1608 1515 γὰρ
1641 1466 1661 1503 ὁ

145 1522 402 1572 Δημοσθένης
422 1524 544 1573 φησὶν
566 1523 705 1573 ἀνάξια
725 1522 897 1575 πάσχειν
918 1523 987 1571 τὴν
1010 1521 1215 1572 Πάραλον,
1241 1523 1348 1572 ἱερὰν
1370 1521 1492 1560 οὖσαν
1518 1520 1661 1571 τριήρη,

143 1580 240 1628 ξύλα
269 1580 329 1618 καὶ
357 1579 530 1631 χάρακας
562 1579 623 1618 καὶ
648 1578 881 1629 βοσκήματα
912 1582 962 1633 τῷ
995 1580 1137 1631 Μειδία
1165 1578 1515 1628 παρακομίζουσαν,
1538 1576 1560 1626 ἦ
1589 1593 1663 1616 που

142 1635 340 1677 πολιτικὸς
371 1636 467 1685 ἀνὴρ
494 1653 525 1674 κ.
552 1653 584 1675 τ.
606 1641 644 1675 λ.
708 1635 790 1675 Sed
816 1635 974 1675 fallitur
1004 1634 1310 1674 eruditissimus
1341 1633 1542 1686 scriptor:
1578 1647 1661 1671 non

143 1690 251 1730 enim
273 1691 375 1732 haec
395 1696 517 1745 gesta
538 1696 636 1732 sunt
657 1691 698 1731 in
721 1691 886 1738 Paralo.
905 1691 977 1731 sed
998 1691 1039 1730 in
1062 1691 1243 1738 trireme,
1262 1704 1368 1743 quae
1388 1689 1549 1729 Midiae
1570 1693 1662 1728 erat

142 1747 321 1800 privata.
366 1747 467 1788 Fuit
489 1748 656 1801 quidem
680 1748 835 1788 Midias
855 1748 994 1788 Parali
1017 1752 1226 1801 quaestor,
1245 1752 1293 1786 ut
1313 1745 1488 1800 liquebit
1509 1760 1548 1798 p.
1565 1757 1663 1798 570.

145 1803 227 1844 Sed
259 1804 362 1844 duas
393 1804 592 1844 historias
618 1804 880 1844 commiscuit
906 1804 1107 1844 memoria
1134 1802 1305 1842 nimium
1336 1803 1481 1841 fretus.
1543 1801 1664 1852 Quod

143 1864 285 1900 tamen
317 1860 485 1901 minime
521 1861 689 1901 debuit:
734 1875 831 1900 nam
867 1860 909 1899 ni
941 1861 1043 1901 haec
1080 1860 1122 1899 in
1158 1859 1311 1899 Paralo
1352 1863 1490 1898 essent
1528 1862 1664 1912 gesta,

143 1916 301 1957 corruit
336 1917 646 1971 argumentatio
688 1916 905 1956 Plutarchi
939 1922 982 1956 et
1014 1916 1223 1956 labefacta
1261 1920 1326 1955 est
1358 1913 1492 1955 01111118
1524 1913 1585 1953 vis
1619 1917 1663 1953 et

143 1972 283 2026 gratia
304 1973 424 2013 istius
445 1973 660 2013 orationis.
714 1973 871 2012 Locum
892 1973 997 2012 vide.
1030 1971 1290 2012 TAYLOR.

200 2030 297 2082 569,
321 2041 357 2080 7.
386 2029 699 2082 συγκατέστησε]
735 2029 870 2069 ›S‘z‘mul
898 2029 941 2069 in
960 2035 1124 2083 portum
1153 2027 1329 2076 deduxit,
1353 2027 1664 2079 συγκαθώρμισε,

145 2099 226 2139 quo
248 2086 374 2125 verbo
396 2085 531 2126 utitur
552 2085 750 2139 Polybius
771 2095 811 2139 5,
834 2096 900 2140 95,
923 2099 963 2139 3.
1011 2084 1263 2126 SCHAEF.

201 2143 298 2196 569,
323 2154 388 2182 21.
412 2143 559 2184 τούτοις
579 2141 674 2196 γὰρ]
705 2142 904 2182 Refertur
930 2142 1009 2182 hoc
1038 2144 1112 2194 γὰρ
1133 2141 1187 2182 ad
1216 2139 1547 2180 subaudiendam
1574 2152 1665 2178 sen-

144 2198 322 2238 tentiam
344 2215 352 2238 ;
392 2198 534 2238 merito
561 2198 626 2239 hos
653 2199 752 2238 duos
777 2198 943 2253 eoeempli
968 2213 1107 2239 caussa
1134 2196 1365 2238 nominavi:
1403 2209 1498 2236 nam
1524 2195 1586 2236 his
1597 2220 1666 2235 —.

202 2313 298 2365 569,
324 2312 388 2350 26.
408 2313 475 2353 τὰς
506 2311 652 2364 ἄλλας]
692 2311 870 2352 Praeter
901 2316 1088 2352 statuam
1118 2310 1230 2350 illam
1261 2313 1365 2363 puta
1394 2307 1666 2362 inscriptione

144 2366 402 2421 insignitam.
434 2366 630 2407 REISK.
693 2367 918 2420 Inscriptio
940 2367 1019 2407 fuit
1040 2367 1266 2413 columnae,
1290 2379 1372 2404 non
1395 2368 1574 2404 statuae.
1597 2366 1667 2406 τὰς

146 2424 273 2465 ἄλλας
301 2428 456 2471 orator,
480 2428 597 2477 puto,
623 2423 827 2464 intellexit
850 2438 991 2463 omnes
1018 2423 1197 2462 honores
1220 2420 1458 2462 Harmodio
1486 2425 1529 2460 et
1548 2419 1666 2459 Aris-

146 2478 328 2533 togitoni
350 2494 576 2532 eorumque
597 2479 777 2533 posteris
793 2479 974 2528 habitos⁷
990 2493 1203 2533 opponens
1221 2477 1299 2517 illis
1315 2477 1469 2516 donum
1482 2476 1575 2529 jure
1597 2490 1667 2515 ne-

145 2540 305 2589 gatum.
325 2535 536 2575 licentiam
554 2550 569 2575 1
582 2550 656 2575 uos
675 2535 826 2575 vellent
847 2535 1143 2576 contumeliose
1164 2532 1388 2574 tractandi.
1414 2531 1665 2572 SOHAEF.

203 2603 302 2646 570,
326 2607 362 2641 4.
387 2552 584 2645 παράλουῇ
611 2591 746 2631 Schol.
773 2591 987 2645 Aristoph.
1015 2593 1087 2631 Av.
1116 2603 1206 2640 147.
1254 2591 1336 2629 Δύο
1367 2589 1442 2628 εἰσὶ
1466 2591 1552 2638 νῆες
1572 2589 1667 2637 ὑπη-

145 2648 291 2699 ρέτιδες
317 2651 421 2699 παρὰ
447 2652 524 2690 τοῖς
544 2648 777 2696 Ἀθηναίοις,
799 2648 821 2697 ἡ
850 2648 1038 2698 Πάραλος
1066 2647 1127 2686 καὶ
1153 2647 1174 2695 ἡ
1205 2645 1439 2694 Σαλαμινία.
1477 2645 1531 2683 ὧν
1551 2644 1573 2693 ἡ
1594 2645 1667 2694 μὲν

148 2705 368 2754 Σαλαμινία
401 2704 488 2746 τοὺς
526 2703 831 2753 ἐκκαλουμένους
864 2705 918 2744 εἰς
954 2704 1079 2754 κρίσιν
1111 2703 1220 2754 ἦγεν,
1252 2703 1274 2751 ἡ
1306 2703 1347 2741 δὲ
1382 2700 1570 2750 Πάραλος
1601 2701 1668 2741 τὰς

148 2762 307 2812 θεωρίας
338 2762 500 2812 ἀπῆγεν,
531 2760 707 2800 τουτέστι
735 2762 782 2798 τὰ
809 2761 862 2801 εἰς
891 2760 1032 2799 θυσίαν
1062 2759 1303 2808 πεμπόμενα.
1335 2762 1378 2796 et
1405 2756 1460 2796 ad
1483 2770 1519 2795 V.
1546 2768 1666 2805 1204.

148 2817 258 2856 αὗται
286 2818 383 2867 ἱεραὶ
409 2817 572 2868 τριήρεις
598 2817 779 2865 δημόσιαι
810 2817 872 2855 ἐπὶ
894 2817 961 2857 τὰς
990 2817 1055 2864 τῆς
1082 2816 1236 2855 πόλεως
1263 2815 1397 2865 χρείας
1422 2812 1668 2862 πεμπόμεναι

149 2873 209 2912 καὶ
248 2876 568 2925 ταχυναυτοῦσαι.
632 2872 772 2925 Etym.
804 2871 864 2911 M.
897 2886 935 2925 p.
968 2874 1063 2925 699.
1108 2870 1214 2910 αῧτοι
1248 2871 1289 2908 δὲ
1330 2869 1392 2908 ἐπὶ
1428 2867 1668 2918 στρατηγοὺς

149 2928 367 2978 ἐπέμποντο
391 2929 451 2968 καὶ
473 2930 649 2971 τοιαύτας
674 2930 782 2970 τινὰς
802 2930 945 2981 χρείας.
1009 2927 1130 2966 Adde
1164 2923 1546 2978 Harpocrationem
1568 2923 1609 2962 in
1630 2938 1668 2963 v.

148 2984 446 3038 ——Ulpianus:
492 2986 651 3025 Τούτων
686 2988 759 3025 τῶν
797 2986 908 3036 ἱερῶν
942 2987 1105 3035 τριηρῶν
1142 2983 1235 3031 αὕτη
1274 2980 1318 3033 (l.
1354 2980 1463 3033 αὐτὴ)
1498 2980 1520 3029 ἡ
1556 2980 1669 3021 πόλις
