<?xml version="1.0" encoding="UTF-8"?>
<!DOCTYPE html PUBLIC "-//W3C//DTD XHTML 1.0 Transitional//EN"
    "http://www.w3.org/TR/xhtml1/DTD/xhtml1-transitional.dtd">
<html xmlns="http://www.w3.org/1999/xhtml" xml:lang="en" lang="en">
 <head>
  <title>
</title>
<meta http-equiv="Content-Type" content="text/html;charset=utf-8" />
  <meta name='ocr-system' content='tesseract 3.04.00' />
  <meta name='ocr-capabilities' content='ocr_page ocr_carea ocr_par ocr_line ocrx_word'/>
</head>
<body>
  <div class='ocr_page' id='page_1' title='image "./operaexrecension06demouoft/operaexrecension06demouoft_0427.png"; bbox 0 0 1997 3256; ppageno 0'>
   <div class='ocr_carea' id='block_1_1' title="bbox 292 884 1514 1093">
    <p class='ocr_par' dir='ltr' id='par_1_1' title="bbox 292 884 1514 1093">
     <span class='ocr_line' id='line_1_1' title="bbox 821 884 991 931; baseline 0 -2"><span class='ocrx_word' id='word_1_1' title='bbox 821 884 991 931; x_wconf 83' lang='lat' dir='ltr'>XXV.</span> 
     </span>
     <span class='ocr_line' id='line_1_2' title="bbox 292 1040 1514 1093; baseline 0.001 -2"><span class='ocrx_word' id='word_1_2' title='bbox 292 1041 693 1092; x_wconf 86' lang='lat' dir='ltr'>ADVERSUS</span> <span class='ocrx_word' id='word_1_3' title='bbox 758 1040 1410 1093; x_wconf 76' lang='lat' dir='ltr'><strong>ARISTOGITONEM</strong></span> <span class='ocrx_word' id='word_1_4' title='bbox 1471 1042 1514 1092; x_wconf 93' lang='lat' dir='ltr'>I.</span> 
     </span>
    </p>
   </div>
   <div class='ocr_carea' id='block_1_2' title="bbox 732 1222 1072 1242">
    <p class='ocr_par' dir='ltr' id='par_1_2' title="bbox 732 1222 1072 1242">
     <span class='ocr_line' id='line_1_3' title="bbox 732 1222 1072 1242; baseline -0.009 -10"><span class='ocrx_word' id='word_1_5' title='bbox 732 1230 752 1232; x_wconf 82' lang='grc'>-</span> <span class='ocrx_word' id='word_1_6' title='bbox 808 1222 921 1242; x_wconf 48' lang='lat' dir='ltr'>«³:4OE</span> <span class='ocrx_word' id='word_1_7' title='bbox 931 1227 1026 1236; x_wconf 23' lang='grc' dir='ltr'>,μὶ</span> <span class='ocrx_word' id='word_1_8' title='bbox 1036 1232 1072 1233; x_wconf 35' lang='lat' dir='ltr'><em>j</em></span> 
     </span>
    </p>
   </div>
   <div class='ocr_carea' id='block_1_3' title="bbox 339 1349 1462 1476">
    <p class='ocr_par' dir='ltr' id='par_1_3' title="bbox 339 1349 1462 1476">
     <span class='ocr_line' id='line_1_4' title="bbox 709 1349 1105 1384; baseline 0 -1"><span class='ocrx_word' id='word_1_9' title='bbox 709 1349 1005 1384; x_wconf 86' lang='lat' dir='ltr'><strong>EXCERPTA</strong></span> <span class='ocrx_word' id='word_1_10' title='bbox 1035 1350 1105 1383; x_wconf 89' lang='lat' dir='ltr'>EX</span> 
     </span>
     <span class='ocr_line' id='line_1_5' title="bbox 339 1434 1462 1476; baseline -0.001 -1"><span class='ocrx_word' id='word_1_11' title='bbox 339 1437 390 1476; x_wconf 88' lang='lat' dir='ltr'>A.</span> <span class='ocrx_word' id='word_1_12' title='bbox 416 1435 879 1476; x_wconf 81' lang='lat' dir='ltr'><strong>WESTERMANNI</strong></span> <span class='ocrx_word' id='word_1_13' title='bbox 911 1434 1462 1475; x_wconf 82' lang='lat' dir='ltr'><strong>COMMENTATIONE.</strong></span> 
     </span>
    </p>
   </div>
   <div class='ocr_carea' id='block_1_4' title="bbox 489 1564 1331 1619">
    <p class='ocr_par' dir='ltr' id='par_1_4' title="bbox 489 1564 1331 1619">
     <span class='ocr_line' id='line_1_6' title="bbox 489 1564 1331 1619; baseline -0.004 -13"><span class='ocrx_word' id='word_1_14' title='bbox 489 1566 575 1619; x_wconf 61' lang='lat' dir='ltr'>(Em</span> <span class='ocrx_word' id='word_1_15' title='bbox 599 1565 751 1616; x_wconf 71' lang='lat' dir='ltr'>chaest.</span> <span class='ocrx_word' id='word_1_16' title='bbox 774 1564 1020 1605; x_wconf 67' lang='lat' dir='ltr'>Demosthen.</span> <span class='ocrx_word' id='word_1_17' title='bbox 1068 1565 1189 1604; x_wconf 66' lang='lat' dir='ltr'>Part.</span> <span class='ocrx_word' id='word_1_18' title='bbox 1212 1564 1331 1615; x_wconf 90' lang='lat' dir='ltr'><em>III.)</em></span> 
     </span>
    </p>
   </div>
   <div class='ocr_carea' id='block_1_5' title="bbox 147 1663 1671 3014">
    <p class='ocr_par' dir='ltr' id='par_1_5' title="bbox 147 1663 1671 3014">
     <span class='ocr_line' id='line_1_7' title="bbox 206 1663 1670 1720; baseline -0.002 -15"><span class='ocrx_word' id='word_1_19' title='bbox 206 1667 313 1705; x_wconf 73' lang='lat' dir='ltr'>Posr</span> <span class='ocrx_word' id='word_1_20' title='bbox 342 1680 525 1720; x_wconf 81' lang='lat' dir='ltr'>pugnam</span> <span class='ocrx_word' id='word_1_21' title='bbox 548 1665 884 1706; x_wconf 76' lang='lat' dir='ltr'>Chaeronensem</span> <span class='ocrx_word' id='word_1_22' title='bbox 905 1679 998 1705; x_wconf 91' lang='lat' dir='ltr'>cum</span> <span class='ocrx_word' id='word_1_23' title='bbox 1020 1664 1344 1705; x_wconf 79' lang='lat' dir='ltr'>Atheniensium</span> <span class='ocrx_word' id='word_1_24' title='bbox 1366 1663 1599 1717; x_wconf 77' lang='lat' dir='ltr'>respublica</span> <span class='ocrx_word' id='word_1_25' title='bbox 1626 1663 1670 1703; x_wconf 89' lang='lat' dir='ltr'>in</span> 
     </span>
     <span class='ocr_line' id='line_1_8' title="bbox 149 1720 1670 1775; baseline -0.001 -13"><span class='ocrx_word' id='word_1_26' title='bbox 149 1737 309 1763; x_wconf 89' lang='lat' dir='ltr'>summo</span> <span class='ocrx_word' id='word_1_27' title='bbox 343 1722 580 1762; x_wconf 79' lang='lat' dir='ltr'>discrimine</span> <span class='ocrx_word' id='word_1_28' title='bbox 615 1722 770 1762; x_wconf 85' lang='lat' dir='ltr'>versari</span> <span class='ocrx_word' id='word_1_29' title='bbox 806 1721 1020 1761; x_wconf 85' lang='lat' dir='ltr'>videretur</span> <span class='ocrx_word' id='word_1_30' title='bbox 1061 1736 1109 1761; x_wconf 91' lang='lat' dir='ltr'>ac</span> <span class='ocrx_word' id='word_1_31' title='bbox 1150 1736 1254 1775; x_wconf 86' lang='lat' dir='ltr'>pene</span> <span class='ocrx_word' id='word_1_32' title='bbox 1290 1720 1529 1774; x_wconf 88' lang='lat' dir='ltr'>Philippum</span> <span class='ocrx_word' id='word_1_33' title='bbox 1569 1724 1670 1760; x_wconf 80' lang='lat' dir='ltr'>ante</span> 
     </span>
     <span class='ocr_line' id='line_1_9' title="bbox 149 1775 1668 1833; baseline -0.003 -14"><span class='ocrx_word' id='word_1_34' title='bbox 149 1784 294 1833; x_wconf 86' lang='lat' dir='ltr'>portas</span> <span class='ocrx_word' id='word_1_35' title='bbox 311 1794 400 1819; x_wconf 83' lang='lat' dir='ltr'>esse</span> <span class='ocrx_word' id='word_1_36' title='bbox 417 1779 681 1827; x_wconf 74' lang='lat' dir='ltr'>clamaretur,</span> <span class='ocrx_word' id='word_1_37' title='bbox 699 1779 754 1818; x_wconf 87' lang='lat' dir='ltr'>ad</span> <span class='ocrx_word' id='word_1_38' title='bbox 769 1778 1096 1818; x_wconf 75' lang='lat' dir='ltr'>Demosthenem</span> <span class='ocrx_word' id='word_1_39' title='bbox 1116 1777 1267 1817; x_wconf 88' lang='lat' dir='ltr'>iterum</span> <span class='ocrx_word' id='word_1_40' title='bbox 1286 1776 1471 1830; x_wconf 74' lang='lat' dir='ltr'>confugit</span> <span class='ocrx_word' id='word_1_41' title='bbox 1492 1775 1668 1829; x_wconf 85' lang='lat' dir='ltr'>populus</span> 
     </span>
     <span class='ocr_line' id='line_1_10' title="bbox 149 1832 1669 1890; baseline -0.003 -14"><span class='ocrx_word' id='word_1_42' title='bbox 149 1840 291 1890; x_wconf 82' lang='lat' dir='ltr'>atque,</span> <span class='ocrx_word' id='word_1_43' title='bbox 326 1835 424 1875; x_wconf 85' lang='lat' dir='ltr'>licet</span> <span class='ocrx_word' id='word_1_44' title='bbox 458 1835 501 1875; x_wconf 91' lang='lat' dir='ltr'>in</span> <span class='ocrx_word' id='word_1_45' title='bbox 538 1835 625 1888; x_wconf 89' lang='lat' dir='ltr'>ejus</span> <span class='ocrx_word' id='word_1_46' title='bbox 664 1839 792 1888; x_wconf 88' lang='lat' dir='ltr'>caput</span> <span class='ocrx_word' id='word_1_47' title='bbox 825 1849 988 1874; x_wconf 88' lang='lat' dir='ltr'>omnem</span> <span class='ocrx_word' id='word_1_48' title='bbox 1025 1833 1279 1874; x_wconf 74' lang='lat' dir='ltr'>calamitatis</span> <span class='ocrx_word' id='word_1_49' title='bbox 1313 1833 1479 1886; x_wconf 88' lang='lat' dir='ltr'>culpam</span> <span class='ocrx_word' id='word_1_50' title='bbox 1516 1832 1669 1872; x_wconf 90' lang='lat' dir='ltr'>inimici</span> 
     </span>
     <span class='ocr_line' id='line_1_11' title="bbox 148 1888 1667 1944; baseline -0.003 -12"><span class='ocrx_word' id='word_1_51' title='bbox 148 1897 390 1932; x_wconf 87' lang='lat' dir='ltr'>convertere</span> <span class='ocrx_word' id='word_1_52' title='bbox 427 1892 657 1940; x_wconf 79' lang='lat' dir='ltr'>studerent,</span> <span class='ocrx_word' id='word_1_53' title='bbox 695 1906 746 1930; x_wconf 87' lang='lat' dir='ltr'>ex</span> <span class='ocrx_word' id='word_1_54' title='bbox 780 1891 867 1944; x_wconf 85' lang='lat' dir='ltr'>ejus</span> <span class='ocrx_word' id='word_1_55' title='bbox 902 1890 1081 1930; x_wconf 81' lang='lat' dir='ltr'>decretis</span> <span class='ocrx_word' id='word_1_56' title='bbox 1117 1891 1263 1930; x_wconf 86' lang='lat' dir='ltr'>urbem</span> <span class='ocrx_word' id='word_1_57' title='bbox 1303 1888 1490 1936; x_wconf 76' lang='lat' dir='ltr'>munivit,</span> <span class='ocrx_word' id='word_1_58' title='bbox 1532 1888 1667 1929; x_wconf 85' lang='lat' dir='ltr'>fossas</span> 
     </span>
     <span class='ocr_line' id='line_1_12' title="bbox 147 1944 1666 2002; baseline -0.003 -14"><span class='ocrx_word' id='word_1_59' title='bbox 147 1949 279 1998; x_wconf 76' lang='lat' dir='ltr'>duxit,</span> <span class='ocrx_word' id='word_1_60' title='bbox 314 1948 522 2002; x_wconf 86' lang='lat' dir='ltr'>praesidia</span> <span class='ocrx_word' id='word_1_61' title='bbox 554 1947 772 2001; x_wconf 77' lang='lat' dir='ltr'>disposuit,</span> <span class='ocrx_word' id='word_1_62' title='bbox 806 1948 941 2000; x_wconf 89' lang='lat' dir='ltr'>ipsum</span> <span class='ocrx_word' id='word_1_63' title='bbox 973 1948 1139 1997; x_wconf 76' lang='grc' dir='ltr'>σιτώνην</span> <span class='ocrx_word' id='word_1_64' title='bbox 1170 1945 1340 1986; x_wconf 79' lang='lat' dir='ltr'>creavit.</span> <span class='ocrx_word' id='word_1_65' title='bbox 1401 1946 1544 1999; x_wconf 83' lang='lat' dir='ltr'>Atque</span> <span class='ocrx_word' id='word_1_66' title='bbox 1577 1944 1666 1998; x_wconf 87' lang='lat' dir='ltr'>ipse</span> 
     </span>
     <span class='ocr_line' id='line_1_13' title="bbox 148 2001 1670 2057; baseline -0.003 -12"><span class='ocrx_word' id='word_1_67' title='bbox 148 2006 210 2045; x_wconf 81' lang='grc' dir='ltr'>καὶ</span> <span class='ocrx_word' id='word_1_68' title='bbox 230 2008 328 2056; x_wconf 78' lang='grc' dir='ltr'>μετὰ</span> <span class='ocrx_word' id='word_1_69' title='bbox 348 2008 480 2053; x_wconf 81' lang='grc' dir='ltr'>ταῦτα,</span> <span class='ocrx_word' id='word_1_70' title='bbox 503 2003 640 2057; x_wconf 85' lang='lat' dir='ltr'>inquit</span> <span class='ocrx_word' id='word_1_71' title='bbox 664 2007 790 2056; x_wconf 90' lang='lat' dir='ltr'>(orat.</span> <span class='ocrx_word' id='word_1_72' title='bbox 816 2004 867 2043; x_wconf 88' lang='lat' dir='ltr'>de</span> <span class='ocrx_word' id='word_1_73' title='bbox 888 2018 1042 2043; x_wconf 86' lang='lat' dir='ltr'>corona</span> <span class='ocrx_word' id='word_1_74' title='bbox 1064 2018 1102 2057; x_wconf 87' lang='lat' dir='ltr'>p.</span> <span class='ocrx_word' id='word_1_75' title='bbox 1125 2004 1241 2056; x_wconf 81' lang='lat'>310.)</span> <span class='ocrx_word' id='word_1_76' title='bbox 1294 2002 1522 2042; x_wconf 75' lang='grc' dir='ltr'>συστάντων</span> <span class='ocrx_word' id='word_1_77' title='bbox 1543 2001 1601 2042; x_wconf 74' lang='grc' dir='ltr'>οἷς</span> <span class='ocrx_word' id='word_1_78' title='bbox 1621 2001 1670 2051; x_wconf 83' lang='grc' dir='ltr'>ἧν</span> 
     </span>
     <span class='ocr_line' id='line_1_14' title="bbox 149 2056 1670 2112; baseline -0.004 -10"><span class='ocrx_word' id='word_1_79' title='bbox 149 2063 330 2112; x_wconf 79' lang='grc' dir='ltr'>ἐπιμελὲς</span> <span class='ocrx_word' id='word_1_80' title='bbox 362 2065 482 2103; x_wconf 85' lang='grc' dir='ltr'>κακῶς</span> <span class='ocrx_word' id='word_1_81' title='bbox 514 2062 580 2111; x_wconf 86' lang='grc' dir='ltr'>ἐμὲ</span> <span class='ocrx_word' id='word_1_82' title='bbox 611 2065 751 2106; x_wconf 78' lang='grc' dir='ltr'>ποιεῖν,</span> <span class='ocrx_word' id='word_1_83' title='bbox 778 2061 840 2100; x_wconf 80' lang='grc' dir='ltr'>καὶ</span> <span class='ocrx_word' id='word_1_84' title='bbox 866 2062 1034 2112; x_wconf 82' lang='grc' dir='ltr'>γραφὰς,</span> <span class='ocrx_word' id='word_1_85' title='bbox 1059 2060 1232 2105; x_wconf 81' lang='grc' dir='ltr'>εὐθύνας,</span> <span class='ocrx_word' id='word_1_86' title='bbox 1258 2059 1519 2110; x_wconf 81' lang='grc' dir='ltr'>εἰσαγγελίας,</span> <span class='ocrx_word' id='word_1_87' title='bbox 1542 2056 1670 2096; x_wconf 87' lang='grc' dir='ltr'>πάντα</span> 
     </span>
     <span class='ocr_line' id='line_1_15' title="bbox 149 2111 1668 2169; baseline -0.003 -12"><span class='ocrx_word' id='word_1_88' title='bbox 149 2117 252 2158; x_wconf 81' lang='grc' dir='ltr'>ταῦτ’</span> <span class='ocrx_word' id='word_1_89' title='bbox 277 2119 504 2169; x_wconf 80' lang='grc' dir='ltr'>ἐπαγόντων</span> <span class='ocrx_word' id='word_1_90' title='bbox 524 2133 601 2167; x_wconf 79' lang='grc' dir='ltr'>μοι,</span> <span class='ocrx_word' id='word_1_91' title='bbox 625 2118 669 2156; x_wconf 85' lang='grc' dir='ltr'>οὐ</span> <span class='ocrx_word' id='word_1_92' title='bbox 691 2116 734 2156; x_wconf 84' lang='grc' dir='ltr'>δι’</span> <span class='ocrx_word' id='word_1_93' title='bbox 755 2118 901 2156; x_wconf 82' lang='grc' dir='ltr'>ἑαυτῶν</span> <span class='ocrx_word' id='word_1_94' title='bbox 922 2118 966 2155; x_wconf 92' lang='grc' dir='ltr'>τό</span> <span class='ocrx_word' id='word_1_95' title='bbox 986 2132 1033 2166; x_wconf 91' lang='grc' dir='ltr'>γε</span> <span class='ocrx_word' id='word_1_96' title='bbox 1054 2119 1219 2166; x_wconf 85' lang='grc' dir='ltr'>πρῶτον,</span> <span class='ocrx_word' id='word_1_97' title='bbox 1243 2115 1350 2154; x_wconf 82' lang='grc' dir='ltr'>ἀλλὰ</span> <span class='ocrx_word' id='word_1_98' title='bbox 1371 2113 1415 2154; x_wconf 88' lang='grc' dir='ltr'>δι’</span> <span class='ocrx_word' id='word_1_99' title='bbox 1435 2115 1488 2153; x_wconf 81' lang='grc' dir='ltr'>ὧν</span> <span class='ocrx_word' id='word_1_100' title='bbox 1508 2111 1668 2163; x_wconf 86' lang='grc' dir='ltr'>μάλισθ’</span> 
     </span>
     <span class='ocr_line' id='line_1_16' title="bbox 147 2169 1671 2225; baseline -0.003 -11"><span class='ocrx_word' id='word_1_101' title='bbox 147 2174 432 2225; x_wconf 83' lang='grc' dir='ltr'>ὑπελάμβανον</span> <span class='ocrx_word' id='word_1_102' title='bbox 464 2173 731 2225; x_wconf 83' lang='grc' dir='ltr'>ἀγνοήσεσθαι</span> <span class='ocrx_word' id='word_1_103' title='bbox 770 2174 873 2225; x_wconf 75' lang='grc' dir='ltr'>(ἴστε</span> <span class='ocrx_word' id='word_1_104' title='bbox 908 2175 983 2224; x_wconf 80' lang='grc' dir='ltr'>γὰρ</span> <span class='ocrx_word' id='word_1_105' title='bbox 1016 2171 1136 2221; x_wconf 83' lang='grc' dir='ltr'>δήπου</span> <span class='ocrx_word' id='word_1_106' title='bbox 1173 2172 1234 2210; x_wconf 85' lang='grc' dir='ltr'>καὶ</span> <span class='ocrx_word' id='word_1_107' title='bbox 1264 2170 1463 2221; x_wconf 80' lang='grc' dir='ltr'>μέμνησθε</span> <span class='ocrx_word' id='word_1_108' title='bbox 1494 2170 1552 2209; x_wconf 84' lang='grc' dir='ltr'>ὅτι</span> <span class='ocrx_word' id='word_1_109' title='bbox 1583 2169 1671 2210; x_wconf 81' lang='grc' dir='ltr'>τοὺς</span> 
     </span>
     <span class='ocr_line' id='line_1_17' title="bbox 147 2223 1668 2283; baseline -0.004 -13"><span class='ocrx_word' id='word_1_110' title='bbox 147 2231 321 2282; x_wconf 84' lang='grc' dir='ltr'>πρώτους</span> <span class='ocrx_word' id='word_1_111' title='bbox 348 2232 511 2283; x_wconf 83' lang='grc' dir='ltr'>χρόνους</span> <span class='ocrx_word' id='word_1_112' title='bbox 547 2232 642 2269; x_wconf 80' lang='grc' dir='ltr'>κατὰ</span> <span class='ocrx_word' id='word_1_113' title='bbox 677 2229 748 2278; x_wconf 76' lang='grc' dir='ltr'>τὴν</span> <span class='ocrx_word' id='word_1_114' title='bbox 777 2229 925 2280; x_wconf 83' lang='grc' dir='ltr'>ἡμέραν</span> <span class='ocrx_word' id='word_1_115' title='bbox 952 2228 1119 2276; x_wconf 81' lang='grc' dir='ltr'>ἑκάστην</span> <span class='ocrx_word' id='word_1_116' title='bbox 1145 2228 1349 2277; x_wconf 84' lang='grc' dir='ltr'>ἐκρινόμην</span> <span class='ocrx_word' id='word_1_117' title='bbox 1378 2227 1466 2277; x_wconf 86' lang='grc' dir='ltr'>ἐγὼ,</span> <span class='ocrx_word' id='word_1_118' title='bbox 1499 2225 1561 2265; x_wconf 88' lang='grc' dir='ltr'>καὶ</span> <span class='ocrx_word' id='word_1_119' title='bbox 1592 2223 1668 2264; x_wconf 80' lang='grc' dir='ltr'>οὔτ’</span> 
     </span>
     <span class='ocr_line' id='line_1_18' title="bbox 149 2281 1670 2335; baseline -0.005 -8"><span class='ocrx_word' id='word_1_120' title='bbox 149 2288 315 2327; x_wconf 86' lang='grc' dir='ltr'>ἀπόνοια</span> <span class='ocrx_word' id='word_1_121' title='bbox 336 2286 583 2328; x_wconf 81' lang='grc' dir='ltr'>Σωσικλέους</span> <span class='ocrx_word' id='word_1_122' title='bbox 615 2287 703 2325; x_wconf 82' lang='grc' dir='ltr'>οὔτε</span> <span class='ocrx_word' id='word_1_123' title='bbox 725 2287 970 2335; x_wconf 86' lang='grc' dir='ltr'>συκοφαντία</span> <span class='ocrx_word' id='word_1_124' title='bbox 992 2283 1259 2333; x_wconf 84' lang='grc' dir='ltr'>Φιλοκράτους</span> <span class='ocrx_word' id='word_1_125' title='bbox 1288 2284 1375 2322; x_wconf 76' lang='grc' dir='ltr'>οὔτε</span> <span class='ocrx_word' id='word_1_126' title='bbox 1399 2282 1575 2320; x_wconf 86' lang='grc' dir='ltr'>Διώνδου</span> <span class='ocrx_word' id='word_1_127' title='bbox 1608 2281 1670 2320; x_wconf 85' lang='grc' dir='ltr'>καὶ</span> 
     </span>
     <span class='ocr_line' id='line_1_19' title="bbox 150 2335 1670 2392; baseline -0.005 -9"><span class='ocrx_word' id='word_1_128' title='bbox 150 2343 361 2383; x_wconf 83' lang='grc' dir='ltr'>Μελάντου</span> <span class='ocrx_word' id='word_1_129' title='bbox 391 2343 510 2392; x_wconf 84' lang='grc' dir='ltr'>μανία</span> <span class='ocrx_word' id='word_1_130' title='bbox 541 2342 616 2382; x_wconf 77' lang='grc' dir='ltr'>οὔτ’</span> <span class='ocrx_word' id='word_1_131' title='bbox 640 2341 728 2381; x_wconf 83' lang='grc' dir='ltr'>ἄλλ’</span> <span class='ocrx_word' id='word_1_132' title='bbox 752 2342 865 2380; x_wconf 81' lang='grc' dir='ltr'>οὐδὲν</span> <span class='ocrx_word' id='word_1_133' title='bbox 891 2341 1101 2390; x_wconf 83' lang='grc' dir='ltr'>ἀπείρατον</span> <span class='ocrx_word' id='word_1_134' title='bbox 1121 2339 1169 2388; x_wconf 73' lang='grc' dir='ltr'>ἣν</span> <span class='ocrx_word' id='word_1_135' title='bbox 1191 2340 1339 2379; x_wconf 84' lang='grc' dir='ltr'>τούτοις</span> <span class='ocrx_word' id='word_1_136' title='bbox 1370 2335 1449 2376; x_wconf 82' lang='grc' dir='ltr'>κατ’</span> <span class='ocrx_word' id='word_1_137' title='bbox 1474 2338 1601 2387; x_wconf 82' lang='grc' dir='ltr'>ἐμοῦ),</span> <span class='ocrx_word' id='word_1_138' title='bbox 1627 2337 1670 2375; x_wconf 85' lang='grc' dir='ltr'>ἐν</span> 
     </span>
     <span class='ocr_line' id='line_1_20' title="bbox 148 2391 1670 2447; baseline -0.005 -8"><span class='ocrx_word' id='word_1_139' title='bbox 148 2401 279 2439; x_wconf 86' lang='grc' dir='ltr'>τοίνυν</span> <span class='ocrx_word' id='word_1_140' title='bbox 298 2400 447 2440; x_wconf 83' lang='grc' dir='ltr'>τούτοις</span> <span class='ocrx_word' id='word_1_141' title='bbox 475 2401 573 2437; x_wconf 77' lang='grc' dir='ltr'>πᾶσι</span> <span class='ocrx_word' id='word_1_142' title='bbox 602 2397 773 2447; x_wconf 84' lang='grc' dir='ltr'>μάλιστα</span> <span class='ocrx_word' id='word_1_143' title='bbox 803 2398 876 2445; x_wconf 81' lang='grc' dir='ltr'>μὲν</span> <span class='ocrx_word' id='word_1_144' title='bbox 897 2398 958 2434; x_wconf 76' lang='grc' dir='ltr'>διὰ</span> <span class='ocrx_word' id='word_1_145' title='bbox 979 2396 1066 2436; x_wconf 81' lang='grc' dir='ltr'>τοὺς</span> <span class='ocrx_word' id='word_1_146' title='bbox 1088 2394 1208 2441; x_wconf 82' lang='grc' dir='ltr'>θεοὺς,</span> <span class='ocrx_word' id='word_1_147' title='bbox 1232 2395 1412 2444; x_wconf 87' lang='grc' dir='ltr'>δεύτερον</span> <span class='ocrx_word' id='word_1_148' title='bbox 1434 2393 1474 2431; x_wconf 82' lang='grc' dir='ltr'>δὲ</span> <span class='ocrx_word' id='word_1_149' title='bbox 1506 2391 1550 2431; x_wconf 80' lang='grc' dir='ltr'>δι’</span> <span class='ocrx_word' id='word_1_150' title='bbox 1573 2393 1670 2441; x_wconf 79' lang='grc' dir='ltr'>ὑμᾶς</span> 
     </span>
     <span class='ocr_line' id='line_1_21' title="bbox 150 2447 1670 2503; baseline -0.004 -8"><span class='ocrx_word' id='word_1_151' title='bbox 150 2456 212 2495; x_wconf 84' lang='grc' dir='ltr'>καὶ</span> <span class='ocrx_word' id='word_1_152' title='bbox 233 2455 319 2496; x_wconf 80' lang='grc' dir='ltr'>τοὺς</span> <span class='ocrx_word' id='word_1_153' title='bbox 343 2455 489 2495; x_wconf 82' lang='grc' dir='ltr'>ἄλλους</span> <span class='ocrx_word' id='word_1_154' title='bbox 508 2453 739 2503; x_wconf 88' lang='grc' dir='ltr'>Ἀθηναίους</span> <span class='ocrx_word' id='word_1_155' title='bbox 761 2453 970 2501; x_wconf 82' lang='grc' dir='ltr'>ἐσωζόμην·</span> <span class='ocrx_word' id='word_1_156' title='bbox 1007 2452 1171 2491; x_wconf 84' lang='grc' dir='ltr'>δικαίως·</span> <span class='ocrx_word' id='word_1_157' title='bbox 1204 2453 1316 2488; x_wconf 82' lang='grc' dir='ltr'>τοῦτο</span> <span class='ocrx_word' id='word_1_158' title='bbox 1348 2451 1421 2500; x_wconf 76' lang='grc' dir='ltr'>γὰρ</span> <span class='ocrx_word' id='word_1_159' title='bbox 1445 2448 1505 2487; x_wconf 86' lang='grc' dir='ltr'>καὶ</span> <span class='ocrx_word' id='word_1_160' title='bbox 1526 2447 1670 2497; x_wconf 80' lang='grc' dir='ltr'>ἀληθές</span> 
     </span>
     <span class='ocr_line' id='line_1_22' title="bbox 150 2506 1668 2561; baseline -0.006 -10"><span class='ocrx_word' id='word_1_161' title='bbox 150 2513 235 2551; x_wconf 85' lang='grc' dir='ltr'>ἐστι</span> <span class='ocrx_word' id='word_1_162' title='bbox 269 2512 330 2550; x_wconf 83' lang='grc' dir='ltr'>καὶ</span> <span class='ocrx_word' id='word_1_163' title='bbox 366 2511 462 2561; x_wconf 79' lang='grc' dir='ltr'>ὑπὲρ</span> <span class='ocrx_word' id='word_1_164' title='bbox 494 2514 570 2549; x_wconf 85' lang='grc' dir='ltr'>τῶν</span> <span class='ocrx_word' id='word_1_165' title='bbox 603 2509 861 2559; x_wconf 87' lang='grc' dir='ltr'>ὀμωμοκότων</span> <span class='ocrx_word' id='word_1_166' title='bbox 898 2508 957 2546; x_wconf 83' lang='grc' dir='ltr'>καὶ</span> <span class='ocrx_word' id='word_1_167' title='bbox 993 2508 1169 2558; x_wconf 84' lang='grc' dir='ltr'>γνόντων</span> <span class='ocrx_word' id='word_1_168' title='bbox 1201 2507 1248 2544; x_wconf 80' lang='grc' dir='ltr'>τὰ</span> <span class='ocrx_word' id='word_1_169' title='bbox 1286 2506 1423 2555; x_wconf 78' lang='grc' dir='ltr'>εὔορκα</span> <span class='ocrx_word' id='word_1_170' title='bbox 1463 2507 1668 2543; x_wconf 86' lang='grc' dir='ltr'>δικαστῶν.</span> 
     </span>
     <span class='ocr_line' id='line_1_23' title="bbox 149 2559 1670 2617; baseline -0.007 -9"><span class='ocrx_word' id='word_1_171' title='bbox 149 2568 288 2608; x_wconf 77' lang='grc' dir='ltr'>οὐκοῦν</span> <span class='ocrx_word' id='word_1_172' title='bbox 311 2568 354 2606; x_wconf 86' lang='grc' dir='ltr'>ἐν</span> <span class='ocrx_word' id='word_1_173' title='bbox 375 2568 447 2616; x_wconf 84' lang='grc' dir='ltr'>μὲν</span> <span class='ocrx_word' id='word_1_174' title='bbox 469 2566 524 2607; x_wconf 79' lang='grc' dir='ltr'>οἶς</span> <span class='ocrx_word' id='word_1_175' title='bbox 550 2566 878 2617; x_wconf 76' lang='grc' dir='ltr'>εἰσηγγελλόμην,</span> <span class='ocrx_word' id='word_1_176' title='bbox 902 2562 955 2603; x_wconf 83' lang='grc' dir='ltr'>ὅτ’</span> <span class='ocrx_word' id='word_1_177' title='bbox 980 2560 1281 2614; x_wconf 77' lang='grc' dir='ltr'>ἀπεψηφίζεσθέ</span> <span class='ocrx_word' id='word_1_178' title='bbox 1305 2577 1378 2611; x_wconf 89' lang='grc' dir='ltr'>μου</span> <span class='ocrx_word' id='word_1_179' title='bbox 1401 2560 1462 2600; x_wconf 87' lang='grc' dir='ltr'>καὶ</span> <span class='ocrx_word' id='word_1_180' title='bbox 1491 2559 1532 2599; x_wconf 85' lang='grc' dir='ltr'>τὸ</span> <span class='ocrx_word' id='word_1_181' title='bbox 1553 2559 1670 2610; x_wconf 87' lang='grc' dir='ltr'>μέρος</span> 
     </span>
     <span class='ocr_line' id='line_1_24' title="bbox 149 2615 1671 2675; baseline -0.007 -11"><span class='ocrx_word' id='word_1_182' title='bbox 149 2628 227 2664; x_wconf 83' lang='grc' dir='ltr'>τῶν</span> <span class='ocrx_word' id='word_1_183' title='bbox 247 2623 396 2675; x_wconf 80' lang='grc' dir='ltr'>ψήφων</span> <span class='ocrx_word' id='word_1_184' title='bbox 417 2626 496 2663; x_wconf 87' lang='grc' dir='ltr'>τοῖς</span> <span class='ocrx_word' id='word_1_185' title='bbox 527 2622 732 2661; x_wconf 86' lang='grc' dir='ltr'>διώκουσιν</span> <span class='ocrx_word' id='word_1_186' title='bbox 753 2621 797 2659; x_wconf 90' lang='grc' dir='ltr'>οὐ</span> <span class='ocrx_word' id='word_1_187' title='bbox 828 2620 1059 2669; x_wconf 74' lang='grc' dir='ltr'>μετεδίδοτε,</span> <span class='ocrx_word' id='word_1_188' title='bbox 1083 2618 1159 2657; x_wconf 65' lang='lat' dir='ltr'>To&#39;r&#39;</span> <span class='ocrx_word' id='word_1_189' title='bbox 1182 2619 1425 2669; x_wconf 81' lang='grc' dir='ltr'>ἐψηφίζεσθε</span> <span class='ocrx_word' id='word_1_190' title='bbox 1455 2618 1502 2655; x_wconf 83' lang='grc' dir='ltr'>τὰ</span> <span class='ocrx_word' id='word_1_191' title='bbox 1530 2615 1671 2666; x_wconf 87' lang='grc' dir='ltr'>ἄριστά</span> 
     </span>
     <span class='ocr_line' id='line_1_25' title="bbox 149 2671 1670 2731; baseline -0.007 -11"><span class='ocrx_word' id='word_1_192' title='bbox 149 2697 198 2731; x_wconf 91' lang='grc' dir='ltr'>με</span> <span class='ocrx_word' id='word_1_193' title='bbox 233 2679 428 2730; x_wconf 87' lang='grc' dir='ltr'>πράττειν·</span> <span class='ocrx_word' id='word_1_194' title='bbox 463 2679 505 2717; x_wconf 89' lang='grc' dir='ltr'>ἐν</span> <span class='ocrx_word' id='word_1_195' title='bbox 527 2679 583 2719; x_wconf 79' lang='grc' dir='ltr'>οἷς</span> <span class='ocrx_word' id='word_1_196' title='bbox 614 2678 654 2716; x_wconf 84' lang='grc' dir='ltr'>δὲ</span> <span class='ocrx_word' id='word_1_197' title='bbox 682 2679 749 2717; x_wconf 80' lang='grc' dir='ltr'>τὰς</span> <span class='ocrx_word' id='word_1_198' title='bbox 783 2678 938 2727; x_wconf 78' lang='grc' dir='ltr'>γραφὰς</span> <span class='ocrx_word' id='word_1_199' title='bbox 971 2674 1210 2725; x_wconf 85' lang='grc' dir='ltr'>ἀπέφευγον,</span> <span class='ocrx_word' id='word_1_200' title='bbox 1241 2673 1386 2722; x_wconf 82' lang='grc' dir='ltr'>ἔννομα</span> <span class='ocrx_word' id='word_1_201' title='bbox 1412 2672 1473 2711; x_wconf 87' lang='grc' dir='ltr'>καὶ</span> <span class='ocrx_word' id='word_1_202' title='bbox 1502 2671 1670 2722; x_wconf 84' lang='grc' dir='ltr'>γράφειν</span> 
     </span>
     <span class='ocr_line' id='line_1_26' title="bbox 152 2728 1668 2787; baseline -0.007 -11"><span class='ocrx_word' id='word_1_203' title='bbox 152 2737 213 2776; x_wconf 87' lang='grc' dir='ltr'>καὶ</span> <span class='ocrx_word' id='word_1_204' title='bbox 254 2735 390 2787; x_wconf 86' lang='grc' dir='ltr'>λέγειν</span> <span class='ocrx_word' id='word_1_205' title='bbox 424 2734 715 2783; x_wconf 85' lang='grc' dir='ltr'>ἀπεδεικνύμην·</span> <span class='ocrx_word' id='word_1_206' title='bbox 775 2733 817 2771; x_wconf 83' lang='grc' dir='ltr'>ἐν</span> <span class='ocrx_word' id='word_1_207' title='bbox 854 2732 911 2772; x_wconf 75' lang='grc' dir='ltr'>οἷς</span> <span class='ocrx_word' id='word_1_208' title='bbox 952 2732 993 2770; x_wconf 80' lang='grc' dir='ltr'>δὲ</span> <span class='ocrx_word' id='word_1_209' title='bbox 1034 2732 1100 2771; x_wconf 74' lang='grc' dir='ltr'>τὰς</span> <span class='ocrx_word' id='word_1_210' title='bbox 1141 2730 1302 2770; x_wconf 86' lang='grc' dir='ltr'>εὐθύνας</span> <span class='ocrx_word' id='word_1_211' title='bbox 1345 2728 1668 2777; x_wconf 82' lang='grc' dir='ltr'>ἐπεσημαίνεσθε,</span> 
     </span>
     <span class='ocr_line' id='line_1_27' title="bbox 152 2786 1668 2841; baseline -0.006 -9"><span class='ocrx_word' id='word_1_212' title='bbox 152 2793 306 2833; x_wconf 90' lang='grc' dir='ltr'>δικαίως</span> <span class='ocrx_word' id='word_1_213' title='bbox 347 2792 408 2831; x_wconf 87' lang='grc' dir='ltr'>καὶ</span> <span class='ocrx_word' id='word_1_214' title='bbox 449 2788 744 2841; x_wconf 83' lang='grc' dir='ltr'>ἀδωροδοκήτως</span> <span class='ocrx_word' id='word_1_215' title='bbox 783 2787 910 2827; x_wconf 88' lang='grc' dir='ltr'>πάντα</span> <span class='ocrx_word' id='word_1_216' title='bbox 946 2786 1170 2837; x_wconf 77' lang='grc' dir='ltr'>πεπρᾶχθαί</span> <span class='ocrx_word' id='word_1_217' title='bbox 1206 2801 1271 2834; x_wconf 89' lang='grc' dir='ltr'>μοι</span> <span class='ocrx_word' id='word_1_218' title='bbox 1310 2786 1668 2835; x_wconf 84' lang='grc' dir='ltr'>προσωμολογεῖτε.</span> 
     </span>
     <span class='ocr_line' id='line_1_28' title="bbox 153 2838 1670 2899; baseline -0.007 -11"><span class='ocrx_word' id='word_1_219' title='bbox 153 2848 268 2899; x_wconf 76' lang='lat' dir='ltr'>Quae</span> <span class='ocrx_word' id='word_1_220' title='bbox 289 2847 475 2887; x_wconf 78' lang='lat' dir='ltr'>actiones</span> <span class='ocrx_word' id='word_1_221' title='bbox 497 2845 704 2899; x_wconf 89' lang='lat' dir='ltr'>quomodo</span> <span class='ocrx_word' id='word_1_222' title='bbox 727 2848 994 2896; x_wconf 80' lang='lat' dir='ltr'>comparatae</span> <span class='ocrx_word' id='word_1_223' title='bbox 1017 2840 1183 2889; x_wconf 83' lang='lat' dir='ltr'>fuerint,</span> <span class='ocrx_word' id='word_1_224' title='bbox 1200 2854 1306 2893; x_wconf 88' lang='lat' dir='ltr'>quae</span> <span class='ocrx_word' id='word_1_225' title='bbox 1328 2839 1449 2879; x_wconf 88' lang='lat' dir='ltr'>unius</span> <span class='ocrx_word' id='word_1_226' title='bbox 1471 2838 1670 2892; x_wconf 85' lang='lat' dir='ltr'>cujusque</span> 
     </span>
     <span class='ocr_line' id='line_1_29' title="bbox 152 2892 1670 2954; baseline -0.007 -10"><span class='ocrx_word' id='word_1_227' title='bbox 152 2918 314 2954; x_wconf 79' lang='lat' dir='ltr'>caussa,</span> <span class='ocrx_word' id='word_1_228' title='bbox 335 2903 459 2953; x_wconf 86' lang='lat' dir='ltr'>ratio,</span> <span class='ocrx_word' id='word_1_229' title='bbox 489 2902 637 2950; x_wconf 48' lang='lat' dir='ltr'>exitus</span> <span class='ocrx_word' id='word_1_230' title='bbox 668 2901 891 2940; x_wconf 89' lang='lat' dir='ltr'>obscurum</span> <span class='ocrx_word' id='word_1_231' title='bbox 922 2903 998 2939; x_wconf 85' lang='lat' dir='ltr'>est.</span> <span class='ocrx_word' id='word_1_232' title='bbox 1063 2897 1160 2937; x_wconf 88' lang='lat' dir='ltr'>Duo</span> <span class='ocrx_word' id='word_1_233' title='bbox 1193 2901 1359 2936; x_wconf 85' lang='lat' dir='ltr'>tantum</span> <span class='ocrx_word' id='word_1_234' title='bbox 1389 2897 1560 2935; x_wconf 84' lang='lat' dir='ltr'>exstant</span> <span class='ocrx_word' id='word_1_235' title='bbox 1590 2892 1670 2934; x_wconf 87' lang='lat' dir='ltr'>loci</span> 
     </span>
     <span class='ocr_line' id='line_1_30' title="bbox 153 2949 1669 3014; baseline -0.007 -14"><span class='ocrx_word' id='word_1_236' title='bbox 153 2959 304 3014; x_wconf 88' lang='lat' dir='ltr'>quibus</span> <span class='ocrx_word' id='word_1_237' title='bbox 338 2959 441 2999; x_wconf 87' lang='lat' dir='ltr'>lucis</span> <span class='ocrx_word' id='word_1_238' title='bbox 473 2958 631 3012; x_wconf 88' lang='lat' dir='ltr'>aliquid</span> <span class='ocrx_word' id='word_1_239' title='bbox 664 2957 759 2998; x_wconf 87' lang='lat' dir='ltr'>huic</span> <span class='ocrx_word' id='word_1_240' title='bbox 792 2955 852 2996; x_wconf 89' lang='lat' dir='ltr'>rei</span> <span class='ocrx_word' id='word_1_241' title='bbox 884 2955 1070 3004; x_wconf 77' lang='lat' dir='ltr'>affertur,</span> <span class='ocrx_word' id='word_1_242' title='bbox 1100 2953 1207 2994; x_wconf 83' lang='lat' dir='ltr'>alter</span> <span class='ocrx_word' id='word_1_243' title='bbox 1239 2950 1456 2993; x_wconf 82' lang='lat' dir='ltr'>Plutarchi</span> <span class='ocrx_word' id='word_1_244' title='bbox 1479 2949 1555 3004; x_wconf 87' lang='lat' dir='ltr'>(V.</span> <span class='ocrx_word' id='word_1_245' title='bbox 1580 2949 1669 2990; x_wconf 72' lang='lat' dir='ltr'>dec,</span> 
     </span>
    </p>
   </div>
  </div>
 </body>
</html>
