1997 3256
313 143 397 181 888
654 139 977 180 ADVERSUS
1010 137 1493 179 ARISTOCRATEM.

312 247 397 287 tiae
419 246 460 285 in
484 243 664 284 Thracia
686 242 1012 283 conservandam
1034 241 1146 281 dicit.
1208 240 1379 280 Etenim
1400 254 1568 280 necesse
1589 243 1692 287 erat,
1716 239 1825 293 quod

314 301 538 357 prudentia
569 300 696 341 civilis
718 298 1041 339 Atheniensium
1070 298 1112 336 in
1135 297 1336 337 Graeciae
1367 296 1609 337 civitatibus
1641 310 1830 349 sequere-

314 364 385 399 tur
406 365 688 412 praeceptum,
711 356 821 396 idem
842 354 1011 409 probari
1037 353 1298 393 multitudini
1320 352 1361 392 in
1383 352 1685 393 constituendis
1707 353 1831 392 rebus

315 414 559 469 peregrinae
582 418 733 453 terrae.
795 412 986 452 Eandem
1017 409 1269 450 sententiam
1300 414 1446 449 orator
1476 408 1594 449 initio
1621 414 1729 449 orat.
1756 423 1831 462 pro

319 470 571 526 Megalopol.
595 486 633 524 p.
659 482 752 523 203.
776 469 964 509 elocutus
990 472 1076 507 est:
1110 467 1249 506 οὐκοῦν
1271 464 1346 506 οὐδ’
1366 465 1415 505 ἂν
1438 467 1492 506 εἶς
1523 467 1697 505 ἀντείποι
1718 466 1768 507 ὡς
1789 466 1834 504 οὐ

316 528 507 579 συμφέρει
535 529 580 581 τῇ
610 528 724 566 πόλει
757 527 818 565 καὶ
844 525 1170 573 Λακεδαιμονίους
1201 524 1383 563 ἀσθενεῖς
1415 521 1513 561 εἶναι
1545 523 1605 561 καὶ
1632 523 1835 571 Θηβαίους

314 585 508 623 τουτουσί.
576 583 688 622 Add.
726 586 833 622 orat.
870 581 920 621 de
957 581 982 620 f.
1020 581 1145 634 legat.
1182 594 1222 633 p.
1261 581 1358 633 364.
1395 578 1446 618 de
1482 592 1620 618 coron.
1661 593 1700 631 p.
1739 590 1833 631 231.

319 639 555 680 WEBER.

371 700 466 750 623,
495 698 557 735 18.
586 699 698 735 τοῦτο
729 695 788 747 τὸ]
837 694 886 733 ln
919 693 960 733 S.
993 692 1162 746 majoris
1205 690 1519 745 perspicuitatis
1556 704 1703 730 caussa
1737 696 1834 744 post

314 757 426 792 τοῦτο
449 752 567 792 colon
594 752 777 806 positum
799 756 875 791 est.
918 750 976 795 τὸ,
1002 749 1112 802 quod
1139 749 1192 789 ab
1215 748 1426 788 codicibus
1457 747 1618 800 aliquot
1641 748 1743 796 (non
1771 761 1831 800 pr.

316 809 356 856 S,
376 810 487 863 quod
510 810 639 849 refert
659 808 891 859 Bekkerus)
913 807 1048 853 abest,
1065 805 1262 845 omissum
1284 805 1412 844 etiam
1433 819 1501 857 ap.
1523 804 1834 857 Hermogenem

314 866 392 905 vol.
416 879 455 919 3.
479 881 519 919 p.
543 879 609 920 95.
639 866 809 919 ejusque
843 863 969 903 schol.
991 862 1070 903 vol.
1103 875 1137 913 7.
1168 877 1207 915 p.
1236 873 1329 915 732.
1363 866 1407 901 et
1432 860 1667 900 Aristidem
1688 859 1765 899 vol.
1793 874 1831 914 9.

314 937 354 976 P·
378 935 474 976 390·

371 977 680 1028 τελευτήσαντος
718 975 883 1031 Κότυος]
935 976 1186 1016 Interfectus
1223 979 1287 1014 est
1323 974 1484 1028 Olymp.
1515 986 1603 1025 105,
1632 985 1668 1012 2.
1696 988 1722 1013 a
1754 973 1835 1027 Py-

314 1035 444 1075 thone
468 1039 511 1074 et
534 1034 761 1074 Heraclide
785 1033 943 1081 Aeniis,
967 1036 1191 1086 postquam
1211 1045 1286 1084 per
1308 1035 1512 1084 quattuor
1533 1035 1575 1069 et
1597 1029 1741 1083 viginti
1763 1044 1834 1069 an-

314 1106 390 1131 nos
413 1090 585 1144 Odrysis
608 1090 900 1144 imperaverat.
952 1089 1005 1128 V.
1027 1089 1282 1142 Harpocrat.
1300 1103 1331 1127 s.
1351 1102 1387 1127 v.
1408 1089 1547 1128 Κότυς.
1583 1085 1818 1126 WEBER.

373 1149 551 1201 623,19.
587 1146 806 1198 Βηρισάδην
828 1144 1124 1195 καὶἈμάδοκον
1146 1145 1206 1184 καὶ
1234 1143 1563 1195 Κερσοβλέπτην]
1602 1142 1760 1182 Utrum
1790 1142 1833 1182 hi

315 1208 401 1244 tres
423 1218 540 1258 reges
562 1203 726 1251 fratres,
745 1217 799 1243 an
816 1202 967 1242 diversi
988 1215 1139 1256 genere
1159 1201 1327 1249 fuerint,
1346 1199 1578 1240 dubitatur.
1628 1199 1836 1250 Quoniam

315 1260 345 1300 J
349 1260 512 1300 ustinus
537 1261 572 1309 8,
596 1273 634 1313 3.
659 1260 762 1299 duos
793 1259 958 1305 fratres,
986 1272 1104 1312 reges
1132 1257 1348 1305 Thraciae,
1377 1271 1418 1296 se
1450 1255 1704 1296 convertisse
1734 1255 1836 1295 dicit

315 1318 371 1357 ad
408 1317 661 1371 Philippum.
699 1315 768 1369 qui
810 1330 905 1356 suas
941 1314 1266 1368 disceptationes
1302 1312 1528 1361 dirimeret,
1566 1311 1723 1352 idcirco
1760 1312 1837 1352 viri

317 1373 429 1413 docti
455 1381 540 1414 tres
562 1373 652 1413 illos
674 1373 862 1412 fecerunt-
879 1371 1044 1412 fratres.
1107 1371 1199 1422 Qua
1221 1375 1333 1410 certe
1354 1369 1516 1410 ratione
1538 1369 1603 1408 his
1621 1368 1835 1409 Thracicis

318 1430 503 1470 tenebris
534 1431 671 1470 lumen
703 1444 785 1468 non
815 1428 1027 1469 afferetur.
1089 1427 1308 1468 Consentit
1336 1432 1478 1467 tamen
1509 1425 1550 1464 in
1576 1440 1624 1466 eo
1646 1426 1836 1466 Joannes

319 1486 515 1527 Siceliota
546 1487 586 1526 in
619 1486 785 1525 scholiis
816 1486 870 1526 ad
903 1485 1213 1539 Hermogenem
1244 1483 1321 1523 vol.
1346 1486 1384 1522 6.
1418 1498 1457 1536 p.
1482 1483 1573 1522 182.
1611 1483 1734 1524 Κότυς
1764 1499 1834 1528 τις,

317 1543 467 1596 inquit,
490 1544 537 1593 ἦν
559 1545 683 1592 ὄνομα
713 1542 906 1592 βασιλεὺς
929 1540 1100 1593 Θρᾴκης,
1128 1540 1168 1582 ὃς
1196 1544 1389 1580 τελευτῶν
1415 1541 1566 1591 ἀφῆκεν
1589 1539 1694 1580 υἱοὺς
1722 1543 1836 1590 τρεῖς,

319 1599 541 1650 Βηρισάδην
563 1600 623 1638 καὶ
640 1598 860 1648 Ἀμάδοκον
888 1599 948 1638 καὶ
983 1596 1307 1649 Κερσοβλέπτην.
1368 1596 1432 1636 At
1462 1595 1607 1635 rhetor
1637 1595 1702 1634 ille
1731 1609 1838 1648 quae

318 1661 466 1696 narrat
498 1670 548 1695 cx
578 1655 668 1709 ipso
700 1660 867 1695 oratore
898 1654 958 1695 ita
991 1653 1221 1707 depromsit
1249 1657 1296 1692 ut
1318 1666 1425 1706 quae
1451 1651 1530 1705 ipsi
1557 1652 1701 1692 deesse
1727 1652 1838 1692 vide-

317 1717 476 1759 rentur,
494 1726 609 1751 more
631 1711 950 1752 scholiastarum
973 1711 1023 1750 de
1045 1724 1119 1750 suo
1140 1709 1363 1750 addiderit.
1428 1708 1537 1749 Nam
1566 1708 1667 1747 nihil
1693 1712 1839 1748 orator

318 1768 368 1808 de
391 1770 580 1809 fraterna
601 1768 730 1808 trium
752 1767 915 1807 illorum
936 1765 1235 1807 consuetudine
1257 1765 1344 1819 ipse
1366 1770 1677 1812 commemorat,
1693 1780 1837 1818 quam-

319 1839 444 1878 quam
472 1825 523 1864 de
553 1840 600 1864 ea
630 1830 737 1878 apto
752 1823 914 1864 dicendi
937 1824 1084 1863 crebra
1110 1837 1184 1876 per
1213 1822 1346 1875 ipsam
1368 1821 1601 1862 orationem
1623 1821 1724 1862 data
1745 1825 1837 1861 erat

319 1882 493 1922 occasio.
555 1881 619 1921 Ac
657 1895 795 1920 secum
831 1880 918 1934 ipsc
954 1884 1163 1934 pugnaret
1194 1894 1233 1932 p.
1263 1880 1359 1931 674.
1420 1878 1557 1932 Cotyn
1591 1877 1839 1918 morientem

318 1938 424 1978 filios
460 1937 790 1978 adolescentulos
827 1937 1043 1990 reliquisse
1076 1936 1218 1976 dicens
1244 1940 1287 1975 et
1312 1950 1351 1989 p.
1378 1937 1473 1987 624.
1496 1934 1750 1974 mentionem
1782 1934 1840 1974 fa-

321 1994 433 2034 ciens
462 1994 700 2034 certaniinis
733 1998 879 2034 contra
910 1993 1015 2033 filios
1046 1992 1202 2033 mortui
1234 1991 1469 2032 Berisadis:
1503 1991 1554 2031 de
1577 2006 1659 2044 qua
1680 2006 1725 2030 re
1746 1990 1840 2030 vide

321 2051 506 2104 Rumpfii
547 2051 699 2104 disput.
738 2051 789 2089 de
826 2050 1077 2090 Charidemo
1114 2048 1235 2089 Orita
1271 2063 1310 2102 p.
1343 2061 1406 2088 20.
1480 2048 1654 2089 Cautius
1691 2051 1841 2088 auctor

321 2107 558 2161 argumenti
584 2121 619 2147 2.
644 2107 767 2159 hujus
789 2105 992 2146 orationis
1012 2106 1099 2160 egit
1121 2106 1286 2145 dicens:
1318 2106 1381 2145 καὶ
1400 2104 1636 2154 τελευτήσας
1659 2104 1841 2144 κατέλιπε

322 2166 388 2212 τῆς
414 2164 623 2212 βασιλείας
648 2164 831 2214 διάδοχον
856 2163 1179 2213 Κερσοβλέπτην,
1205 2163 1238 2201 εἰ
1264 2161 1362 2211 μετά
1383 2178 1498 2200 τινων
1520 2162 1598 2207 δύο,
1623 2160 1840 2211 Βηρισάδου

324 2220 386 2258 καὶ
403 2218 635 2269 Ἀμαδόκου,
660 2219 728 2268 τὴν
759 2221 974 2268 βασιλείαν
1002 2219 1215 2269 μερίσαιτο,
1242 2217 1312 2257 ubi
1345 2216 1492 2257 ultima
1514 2218 1640 2257 verba
1663 2216 1840 2256 Voeme-

322 2275 400 2315 lius
425 2275 587 2329 Proleg.
611 2275 653 2314 in
678 2275 857 2328 Philipp.
884 2276 919 2314 Ι.
942 2279 985 2315 et
1009 2275 1179 2328 Olynth.
1201 2289 1241 2327 p.
1268 2287 1333 2325 93.
1357 2274 1464 2314 male
1495 2273 1556 2313 ita
1587 2273 1697 2327 cepit
1720 2273 1839 2327 quasi

325 2332 453 2385 Cotys
489 2331 669 2371 moriens
702 2331 788 2385 ipse
822 2331 1092 2385 partitionem
1125 2330 1242 2385 regni
1274 2330 1385 2371 inter
1410 2330 1515 2370 filios
1540 2330 1839 2378 constituisset,

324 2403 451 2442 quum
486 2388 535 2427 iis
571 2387 714 2442 potius
745 2387 1069 2441 disceptationes
1101 2388 1151 2427 de
1185 2387 1359 2440 imperio
1392 2393 1510 2427 ortae
1536 2386 1723 2440 quamvis
1755 2401 1841 2426 am-

323 2444 446 2499 bigue
468 2444 714 2484 indicentur.
750 2444 983 2483 WEssER.

381 2503 476 2551 624,
503 2513 537 2540 2.
561 2503 626 2542 τὰ,
651 2501 859 2551 συνθήκας]
896 2500 960 2540 Dc
982 2501 1059 2540 hoc
1081 2500 1246 2540 foedere
1267 2515 1302 2539 v.
1327 2499 1435 2540 infra
1456 2515 1496 2553 p.
1520 2502 1616 2551 677.

382 2559 476 2608 624.
500 2570 539 2610 3.
570 2558 731 2608 ἐξέφερε
753 2558 947 2610 πόλεμον]
985 2556 1079 2597 Hoc
1112 2556 1362 2597 moliebatur
1393 2561 1580 2610 tempore
1614 2555 1722 2595 belli.
1787 2555 1840 2594 V.

323 2612 431 2652 infra
452 2628 491 2666 p.
515 2615 610 2653 680.
648 2613 886 2652 WEssER.

383 2671 478 2720 624,
501 2682 540 2722 5.
561 2670 845 2720 Ἀθηνόδωρος]
885 2670 949 2709 De
980 2669 1057 2709 hoc
1085 2669 1393 2722 Harpocratio:
1424 2667 1708 2719 Ἀθηνόδωρος,
1728 2667 1843 2717 Ἀθη-

327 2729 432 2766 vatos
457 2729 508 2778 τῷ
541 2725 659 2777 γένει,
684 2727 930 2776 στρατιώτης.
983 2725 1239 2775 Δημοσθένης
1268 2728 1310 2764 ἐν
1331 2728 1381 2778 τῷ
1411 2723 1489 2763 κατ’
1506 2725 1842 2774 ”Αριστοκράτους.

326 2780 404 2820 Est
429 2781 537 2820 idem
560 2796 654 2821 cum
676 2781 743 2820 illo
764 2781 930 2827 Imbrio,
950 2796 1072 2834 quem
1091 2781 1343 2820 Plutarchus
1366 2781 1407 2819 in
1424 2780 1497 2820 vit.
1514 2780 1715 2820 Phocion.
1730 2794 1764 2819 c.
1782 2782 1841 2827 18,

326 2837 529 2877 Aelianus
552 2837 606 2877 V.
630 2838 688 2878 H.
714 2851 747 2885 Ι,
779 2850 843 2891 25,
872 2837 936 2878 cui
955 2838 1131 2888 Ἴμβριος
1163 2851 1238 2891 pro
1264 2836 1453 2888 Ἱμεραῖος
1482 2836 1669 2876 restituit
1703 2836 1842 2876 Schef-

325 2892 449 2941 ferus,
482 2899 525 2933 et
557 2893 724 2934 Aeneas
756 2894 798 2933 in
830 2894 1007 2933 Poliorc.
1041 2908 1076 2933 c.
1110 2907 1174 2943 24.
1210 2897 1559 2933 commemorant:
1594 2893 1703 2946 quod
1736 2892 1842 2932 vidit

327 2948 466 2989 Vales.
488 2950 542 2990 ad
566 2949 774 3003 Harpocr.
837 2950 987 3003 ltaque
1009 2964 1134 3003 quum
1160 2949 1456 2990 Athenodorus
1482 2949 1620 2990 dictus
1648 2949 1703 2990 sit
1724 2948 1838 2998 Ἀθη-
