1997 3256
317 138 402 183 966
752 139 1134 182 FRAGMENTA
1169 142 1442 184 SOLONEA

315 259 360 284 re
395 246 448 285 ad
486 245 660 285 tertiam
695 245 934 286 concionem
973 247 1247 289 remittebant
1260 258 1291 297 Y,
1324 249 1394 289 ubi
1427 248 1754 290 Thesmothetae
1789 249 1832 289 in

315 301 421 341 albis
450 301 604 341 tabulis
635 302 746 356 leges
776 303 1043 357 abrogandas
1072 305 1339 358 exponendas
1367 310 1643 352 curaverunt-3
1678 305 1719 344 in
1740 305 1833 358 ipsa

312 362 455 397 autem
475 358 672 398 concione
695 358 901 412 Prytanes
922 361 1092 401 nomina
1114 361 1476 410 Nomothetarum,
1496 376 1599 415 quos
1620 361 1834 416 eligendos

313 414 562 463 suadebant,
585 414 628 454 in
653 415 808 454 tabulis
830 416 1040 469 exscripta
1071 418 1224 471 populo
1255 418 1557 472 proponebant,
1582 432 1756 471 eumque
1787 418 1831 457 in

315 469 513 524 suffragia
542 470 783 519 mittebant,
816 486 915 512 num
948 473 1228 523 Nomothetis,
1261 488 1363 527 quos
1398 474 1477 528 ipsi
1511 478 1831 528 proposuerant,

313 527 537 567 assentiret
553 529 605 578 Ζ).
668 527 949 569 Nomothetae
970 534 1112 569 autem
1141 530 1293 584 populo
1318 530 1487 584 probati
1513 531 1668 571 alteras
1695 530 1834 584 legum

317 583 589 630 sustulerunt,
611 584 767 624 alteras
788 585 1047 639 reliquerunt
1061 593 1089 626 ἃ.

372 639 493 690 Quod
514 640 669 680 attinet
691 641 745 681 ad
766 641 973 682 rationem
994 642 1106 696 legis,
1129 643 1296 683 homine
1316 642 1482 696 privato
1503 647 1688 690 auctore,
1711 642 1834 682 abro-

313 696 487 750 gandae,
512 711 764 750 quamquam
785 697 981 739 distincte
1012 699 1120 739 hanc
1145 714 1233 739 rem
1254 700 1344 747 loci,
1370 714 1473 753 quos
1494 699 1725 745 attulimus,
1748 713 1832 738 non

315 753 507 801 doceant,
539 759 680 794 tamen
712 768 763 794 ex
797 755 989 809 analogia
1018 756 1081 795 vel
1112 756 1342 796 certissime
1372 755 1562 810 colligere
1598 769 1830 809 possumus,

314 809 524 849 hominem
546 825 708 864 quoque
739 811 964 865 privatum,
987 827 1090 865 quas
1120 813 1231 866 leges
1259 813 1488 866 abrogatas
1513 811 1701 860 voluerit,
1730 816 1833 852 ante

315 865 487 906 tertiam
522 867 763 906 concionem
799 868 1038 922 exposuisse
1073 869 1128 909 ad
1166 869 1478 923 Eponymorum
1514 873 1703 914 statuas;
1749 882 1833 920 qua,

314 922 648 976 promulgatione
679 923 748 964 illa
778 923 879 978 legis
910 925 1180 979 abrogandae
1207 925 1421 966 accusatio
1447 925 1609 977 (γραφή)
1634 938 1832 978 provoca-

315 979 453 1027 batur,
478 980 528 1019 de
551 994 631 1032 qua
653 979 836 1033 loquitur
859 982 1165 1021 Demosthenes
1186 982 1227 1021 in
1250 981 1455 1036 Leptinea
1475 982 1570 1031 484,
1594 981 1675 1020 lib.

377 1035 495 1081 Tum,
519 1040 743 1090 postquam
765 1036 946 1090 quinque
972 1039 1129 1091 syndici
1156 1039 1245 1091 jam
1270 1038 1311 1077 in
1338 1038 1473 1092 prima
1494 1037 1690 1078 concione
1712 1035 1833 1077 electi

317 1091 467 1145 legum,
487 1092 537 1131 de
555 1092 704 1146 quibus
725 1093 918 1133 tollendis
941 1095 1105 1148 rogatio
1126 1095 1213 1135 lata
1237 1100 1339 1141 crat,
1359 1095 1594 1134 defensores
1613 1091 1832 1133 constituti

318 1153 483 1194 erantC,
518 1148 785 1189 Nomothetis
821 1150 863 1189 in
899 1151 1029 1190 tertia
1065 1151 1260 1191 concione
1296 1151 1435 1191 electis
1470 1151 1536 1190 lex
1568 1150 1832 1197 tradebatur,

320 1204 441 1258 iique,
463 1205 653 1258 proedris
683 1207 972 1253 referentibus,
997 1207 1277 1248 decernebant
1304 1222 1404 1247 num
1430 1207 1496 1247 lex
1523 1206 1683 1247 civitati
1706 1205 1836 1245 detri-

320 1267 475 1308 mento,
498 1262 672 1316 ideoque
691 1263 935 1317 abroganda
957 1263 1024 1313 sit,
1047 1264 1218 1304 necned.

376 1318 572 1358 Ceterum
591 1319 693 1373 legis
713 1320 980 1374 abrogandae
997 1326 1223 1369 auctorem,
1242 1321 1275 1360 si
1296 1320 1373 1361 hoc
1390 1320 1514 1359 modo
1530 1319 1721 1360 lacunam
1737 1319 1837 1374 legi-

321 1375 397 1414 bus
419 1374 639 1423 intulisset,
664 1376 840 1416 eundem
867 1377 1091 1430 oportebat
1121 1392 1270 1418 novam
1297 1378 1404 1416 ferre
1434 1376 1567 1431 legem
1595 1375 1687 1416 loco
1714 1378 1837 1417 abro-

320 1436 445 1485 gatae
459 1440 487 1471 e·

382 1488 533 1528 Restat
564 1492 609 1528 ut
640 1487 728 1528 loca
760 1488 889 1529 allata-
919 1494 962 1529 et
999 1504 1092 1529 cum
1123 1489 1186 1529 his
1216 1494 1364 1538 totam,
1399 1503 1524 1543 quam
1555 1488 1836 1543 exposuimus,

321 1544 458 1598 legum
488 1544 753 1585 ferendarum
783 1546 1202 1600 abrogandarumque
1234 1546 1440 1586 rationem
1471 1545 1672 1600 originem
1703 1560 1729 1586 a
1760 1545 1835 1586 So-

320 1601 414 1641 lone
436 1600 602 1641 duxisse
623 1601 905 1642 ostendamus,

366 1747 382 1770 3'
400 1743 447 1773 Cs.
467 1743 522 1773 loc.
541 1753 566 1773 I.
581 1743 670 1783 (706,
686 1744 846 1784 18—20):
865 1744 937 1774 Ἐὰν
952 1743 988 1774 δέ
1000 1757 1046 1774 τι-

1113 1743 1279 1784 ρυγμάτων
1296 1746 1326 1784 ἐξ
1343 1744 1489 1784 ἀνάγκης,
1506 1743 1597 1782 οἶμαι,
1614 1747 1677 1775 τῶν
1692 1744 1750 1782 μὲν
1766 1748 1837 1776 ow-

322 1797 371 1816 νες
402 1788 464 1815 τῶν
494 1785 594 1823 νόμων
625 1786 940 1825 ἀποχειροτονηθῶσι,
973 1787 1046 1818 τοὺς

1113 1789 1250 1825 μοθετῶν
1267 1788 1462 1827 ἐξευρόντων,
1475 1789 1548 1817 τῶν
1564 1787 1601 1818 δὲ
1617 1787 1839 1827 πρυτάνεων

321 1826 495 1868 πρυτάνεις,
514 1829 561 1867 ἐφ’
575 1827 616 1858 ὧν
633 1829 670 1858 ἂν
686 1829 705 1865 ἡ
729 1829 969 1869 ἆποχειροτονία
990 1830 1044 1868 γε’-

321 1883 422 1908 νηται,
439 1878 470 1901 et
486 1882 566 1910 quae
582 1879 771 1911 sequuntur.

366 1921 381 1938 Z
407 1914 456 1944 Cf.
480 1914 536 1943 loc.
560 1924 587 1953 5.
607 1914 738 1954 (Aesch.
758 1915 790 1944 in
813 1915 952 1954 Ctesiph.
972 1923 1045 1952 430,

325 1966 403 1995 5—1
413 1957 468 1995 3.).
493 1956 557 1986 Κᾶν
568 1968 598 1986 τι
614 1958 756 1987 τοιοῦτον
770 1957 962 1996 εὑρίσκωσιν,
976 1957 1047 1987 ἂνα-

321 1998 522 2037 ’γεγραφότας
544 2000 576 2028 ἐν
600 1999 723 2029 σανίσιν
747 1999 898 2030 ἐκτιθέναι
926 1999 1047 2030 κελεύει

322 2040 457 2079 πρόσθεν
470 2043 531 2070 τῶν
549 2041 723 2079 ἐπωνύμων
747 2043 819 2073 τοὺς
836 2041 868 2072 δὲ
885 2042 1047 2081 πρυτάνεις

323 2085 421 2113 ποιεῖν
449 2083 631 2119 ἐκκλησίαν,
661 2085 891 2123 ἐπιγράψαντας
920 2085 1045 2122 νομοθέ-

323 2136 389 2156 τας·
414 2126 470 2155 τὸν
489 2127 513 2155 δ’
532 2126 704 2163 ἐπιστάτην
725 2129 786 2157 τῶν
806 2128 960 2166 προέδρων
983 2130 1046 2158 δια-

323 2168 519 2207 χειροτονίαν
532 2168 645 2199 διδόναι
660 2171 704 2208 τῷ
720 2170 804 2208 δήμῳ
817 2182 848 2203 κ.
863 2182 892 2200 τ.
906 2176 938 2200 λ.
966 2171 1047 2200 Ver-

324 2213 363 2240 ba
379 2212 398 2228 “
411 2210 640 2251 ἐπιγράψαντας
661 2211 849 2247 νομοθέτας”
865 2213 1047 2252 simpliciter

323 2260 412 2284 verto
439 2254 635 2293 “postquam
667 2255 875 2286 Nomothetas
901 2255 1047 2295 (nomina

325 2296 647 2337 Nomothetarum)in
660 2297 774 2327 tabulis
786 2298 1046 2337 inscripserunt‚”

325 2339 451 2374 scilicet,
483 2346 520 2369 ut
548 2340 684 2379 populus
719 2340 911 2380 suffragium*
938 2341 1044 2376 ferret,

325 2392 402 2412 num
419 2382 472 2412 illa
487 2383 617 2412 nomina
632 2383 690 2412 sibi
707 2383 865 2422 placerent
880 2394 988 2414 necne.

370 2425 409 2454 In
432 2425 635 2464 sequentibus
656 2427 751 2455 verba
773 2426 858 2456 “‘rbv
875 2427 900 2455 δ’
919 2425 1046 2456 ἐπιστά-

325 2478 384 2502 την
407 2469 469 2496 τῶν
491 2467 644 2506 προέδρων
667 2468 913 2507 διαχειροτονίαν
935 2467 1048 2499 διδόναι

325 2511 369 2546 τῷ
386 2509 490 2548 δήμῳ”
507 2511 614 2540 minus
637 2517 720 2541 recte
739 2511 907 2550 explicasse
922 2512 1049 2542 videtur

328 2552 498 2582 Eduardus
516 2553 685 2583 Platnerus
701 2553 735 2593 (l.
753 2564 778 2583 c.
799 2562 825 2583 2.
843 2553 912 2593 31),
929 2555 982 2594 qui
1004 2555 1049 2584 ita

326 2604 363 2624 ea
385 2595 544 2633 intelligit,
569 2606 604 2625 ac
627 2596 651 2625 si
677 2595 793 2635 populo
816 2597 1048 2626 decernendum

325 2637 436 2667 suisset
461 2646 533 2667 utra
556 2648 595 2668 ex
618 2639 741 2668 duabus
767 2638 888 2678 legibus
911 2639 995 2669 inter
1017 2649 1049 2670 se

328 2681 543 2718 pugnantibus
568 2681 750 2719 abroganda
772 2688 861 2717 esset,
879 2692 978 2720 quum
1001 2688 1049 2712 ta-

327 2732 399 2752 men
431 2722 512 2752 liane
537 2723 751 2762 quaestionem
777 2724 817 2753 ad
844 2724 1050 2754 Nomothetas

327 2765 514 2803 pertinuisse
537 2773 568 2795 et
586 2776 625 2796 ex
649 2765 793 2805 analogia
812 2772 843 2796 et
859 2776 876 2796 e
890 2766 956 2796 loco
973 2778 1004 2804 4.
1020 2774 1051 2797 et

328 2817 366 2836 ex
383 2807 420 2836 iis
436 2807 537 2845 colligi
553 2808 660 2846 possit,
677 2818 757 2847 quae
779 2816 923 2838 nostrum
947 2808 1050 2839 locum

329 2850 576 2888 subsequuntur,
593 2859 667 2888 431,
683 2859 701 2888 3
719 2861 783 2890 sqq.
805 2850 870 2880 “El
889 2850 1005 2887 τοίνυν,
1027 2851 1050 2881 ὦ

328 2891 491 2929 Ἀθηναῖοι,
507 2891 625 2928 ἀληθὴς
640 2891 678 2928 ἣν
690 2894 706 2922 ὁ
723 2892 804 2932 παρὰ
818 2892 938 2924 τούτων
952 2892 1050 2931 λόγος

332 2933 379 2962 καὶ
399 2932 479 2968 ἦσαν
499 2933 551 2964 δύο
572 2934 705 2971 κείμενοι
726 2934 811 2973 νόμοι
830 2936 898 2974 περὶ
917 2937 979 2966 τῶν
995 2948 1049 2973 κη-

1114 1830 1330 1861 ἀποδόντων
1353 1832 1432 1861 τοῖς
1459 1830 1691 1867 νομοθέταις,
1709 1830 1838 1872 ἀνῄρητ’

1114 1874 1151 1903 ἂν
1167 1875 1182 1903 ὁ
1200 1873 1303 1912 ἔτερος
1319 1876 1381 1903 τῶν
1397 1872 1529 1909 νόμων.“’

1157 1921 1174 1938 a
1196 1925 1260 1953 430
1276 1916 1455 1952 ult—431,
1474 1925 1485 1945 1
1504 1916 1539 1945 in
1560 1916 1674 1946 Aesch.
1694 1916 1835 1956 Ctesiph.

1115 1960 1135 1975 “
1147 1958 1315 1997 Πρυτάνεις
1333 1960 1431 1989 ποιεῖν
1448 1958 1630 1995 ἐκκλησίαν,
1649 1958 1834 1997 ἐπιγράψαν-

1114 2013 1170 2031 τας
1199 2000 1415 2038 νομοθέτας·
1447 2002 1503 2031 τὺν
1530 2002 1554 2030 δ’
1578 2000 1751 2037 ἐπιστάτην
1774 2004 1838 2032 τῶν

1113 2042 1267 2083 προέδρων
1288 2043 1531 2083 διαχειροτονίαν
1547 2043 1660 2074 διδόναι
1681 2046 1726 2082 τῷ
1741 2043 1836 2083 δήμῳ,

1114 2087 1174 2116 καὶ
1201 2086 1289 2117 τοὺς
1318 2086 1385 2123 μὲν
1411 2087 1580 2125 ἀναιρεῖν
1607 2088 1679 2116 τῶν
1705 2086 1836 2124 νόμων,

1113 2129 1200 2159 τοὺς
1215 2128 1253 2158 δὲ
1269 2129 1550 2159 καταλείπειν.”
1590 2130 1753 2160 Postrema
1769 2140 1839 2160 ver-

1113 2173 1152 2201 ba
1168 2173 1207 2201 ad
1226 2173 1433 2202 Nomothetas
1455 2182 1520 2202 esse
1543 2172 1716 2208 referenda,
1733 2173 1836 2202 mani-

1113 2215 1229 2244 festum
1246 2222 1302 2244 est.
1336 2215 1544 2244 Schoemann.
1556 2215 1589 2255 (l.
1605 2225 1630 2245 c.
1644 2225 1672 2254 p.
1687 2224 1758 2254 259.
1771 2221 1837 2246 not.

1116 2256 1181 2297 28.)
1203 2257 1278 2287 satis
1302 2258 1380 2287 bene
1406 2257 1509 2287 locum
1533 2267 1565 2287 se
1591 2258 1707 2288 habere
1734 2264 1837 2298 putat,

1114 2300 1138 2328 si
1162 2298 1242 2339 μέσῃ
1268 2300 1387 2339 στιγμῇ
1407 2307 1482 2330 ante
1503 2299 1612 2329 “nai''
1629 2300 1837 2340 interpunga-

1114 2349 1177 2372 tur.
1210 2343 1270 2372 Sed
1287 2343 1390 2381 potius
1406 2350 1480 2372 ante
1494 2344 1513 2359 “
1523 2342 1617 2373 τοὺς”
1633 2343 1838 2373 inserendum

1115 2383 1300 2415 “marcus''
1322 2385 1399 2425 (scil.
1420 2384 1654 2424 Nomothetas)‚
1675 2387 1758 2425 quod
1781 2395 1837 2416 vo-

1114 2427 1261 2457 cabulum
1285 2428 1324 2456 ob
1347 2429 1501 2458 ductuum
1526 2428 1766 2458 similitudinem
1789 2429 1837 2458 fa-

1114 2470 1228 2500 cillime
1245 2471 1387 2500 excidere
1403 2471 1514 2509 potuit.

1157 2511 1174 2535 b
1199 2512 1371 2551 Γράφεσθαι
1395 2511 1451 2549 μὲν
1469 2514 1498 2542 εἴ
1509 2512 1557 2543 τίς
1577 2524 1638 2542 τινι
1658 2514 1721 2542 τῶν
1737 2511 1839 2550 νόμων

1114 2554 1156 2592 μὴ
1173 2557 1275 2585 καλῶς
1291 2554 1379 2593 ἔχειν
1394 2555 1510 2592 ἡγῆται
1526 2567 1554 2585 κ.
1571 2567 1600 2584 τ.
1618 2561 1650 2585 λ.

1160 2605 1175 2621 c
1201 2598 1293 2628 Conf.
1309 2598 1364 2628 loc.
1384 2607 1409 2627 1.
1429 2598 1522 2628 Dem.
1547 2598 1580 2627 in
1604 2598 1741 2628 Timocr.
1766 2606 1840 2637 707,

1121 2649 1131 2669 1
1140 2641 1257 2679 5—18.

1166 2681 1183 2704 d
1208 2683 1300 2713 conf.
1325 2681 1382 2712 loc.
1405 2691 1435 2718 4.
1457 2689 1488 2713 et
1512 2682 1567 2712 loc.
1592 2692 1621 2720 3.
1645 2685 1688 2712 A.
1717 2682 1841 2719 ““Τμᾶς

1117 2724 1247 2765 (scilicet
1275 2724 1432 2761 δικαστὰς,
1461 2725 1533 2755 τοὺς
1559 2723 1759 2762 ὀμωμοκότας
1784 2725 1841 2755 τὸν

1118 2767 1304 2803 ἡλιαστικὸν
1327 2767 1431 2807 ὅρκον)
1456 2768 1480 2798 δ’
1497 2766 1691 2799 ἀκούσαντας
1713 2766 1841 2798 ἑλέσθαι

1117 2810 1173 2840 τὸν
1189 2810 1351 2849 κρείττω.”

1160 2858 1175 2875 e
1193 2853 1242 2883 Cf.
1255 2853 1348 2883 Dem.
1359 2852 1392 2882 in
1407 2852 1575 2891 Leptinem
1588 2854 1662 2891 484,
1674 2862 1684 2882 1
1694 2862 1728 2889 23
1745 2852 1839 2882 Dem.

1116 2896 1149 2925 in
1168 2895 1305 2926 Timocr.
1325 2904 1396 2934 710,
1413 2904 1458 2935 19.
