1997 3256
551 165 872 205 ADVERSUS
920 166 1243 206 LEPTJNEM.
1572 165 1656 207 657

196 270 293 321 465,
317 282 354 321 3.
378 273 486 309 πᾶσα
514 270 677 323 ἀνάγκη]
702 270 784 309 Hic
813 271 1108 311 adverbialiter
1137 270 1319 324 positum
1349 275 1425 315 est,
1449 273 1654 319 διαβεβαι-

139 329 290 365 ωτικῶς.
327 325 374 364 F.
399 326 452 364 A.
481 325 669 365 WOLF.

195 384 292 433 465,
319 392 361 433 5.
405 384 509 432 παρὰ
538 383 611 431 μὲν
641 383 881 437 γὰρ-πάσῃ
912 385 957 437 τῇ
988 382 1118 436 πόλει]
1151 382 1269 422 ΟἰῒῑιῒἸ
1302 381 1493 421 Tiberius
1524 396 1563 435 p.
1586 385 1653 420 61.

139 435 249 476 SCH
257 437 389 476 AEF

196 495 300 543 παρὰ
326 495 400 542 μὲν
427 496 501 545 γὰρ
523 495 667 550 τὰς-]
695 494 758 533 En
788 494 939 534 iterum
968 494 1200 547 exemplum
1229 493 1428 533 antitheti
1459 508 1529 532 seu
1560 507 1655 532 con-

138 548 348 602 trapositi‚
386 564 468 618 ιῙιια
504 550 637 594 ἧσαι-ι
674 555 816 590 nostei
853 550 914 589 uti
952 550 1031 589 scit
1067 555 1155 589 tam
1192 550 1280 588 (ffic
1285 549 1428 588 Ἡιοὶῒοι.
1495 549 1538 587 ln
1576 554 1654 590 τοῖς

139 604 348 653 θεωμένοις
382 606 487 654 ἡμῶν
518 592 722 659 cogitabis
758 621 840 645 non
873 620 1015 645 omnes
1048 605 1229 644 Athonis
1260 605 1383 643 ixisse
1419 609 1656 657 spectatum

138 659 257 698 ludos
290 661 475 701 scenicos
511 667 554 702 et
589 662 816 715 gvmnicos.
881 662 949 700 Ad
982 661 1233 700 sententiam
1266 665 1408 699 autom
1442 673 1657 712 compares

141 715 410 769 chmgum
401 732 441 756 111
468 694 657 757 Le·C001a⁸t
682 733 721 771 p.
748 731 839 770 233.
875 718 920 756 F.
946 717 998 755 A.
1028 716 1081 753 W
1088 716 1216 755 OLF.

195 773 317 824 παρὰ]
346 774 412 825 Bes
438 788 568 812 means
595 775 648 826 “f-
683 773 750 813 SE
757 773 933 812 AGFR.
963 773 1088 811 Βίαν.
1118 772 1279 811 Classic.
1302 773 1371 823 56.
1402 785 1441 824 p.
1466 783 1558 823 257.
1602 770 1656 809 V.

139 827 278 867 Reisk
304 828 395 867 lud.
421 829 645 868 (rraecit
630 829 722 868 .li.
746 844 781 867 v.
807 828 916 869 SCH
924 828 1058 867 A.EF

193 885 266 932 μὲν
288 885 381 936 γὰρ]
412 884 583 924 Omittit
610 849 814 923 'liberius

196 940 258 977 ἐπὶ
280 944 356 978 τῶν
377 939 591 993 χορηγιῶν]
616 944 692 979 τῶν
713 945 894 992 χορηγῶν
916 940 1120 980 Tiberius.

194 997 289 1047 465,
314 999 351 1034 6.
386 997 407 1045 ἡ
440 997 569 1049 χάρις]
616 996 724 1035 Vide
760 1011 885 1049 quam
920 997 1106 1050 graviter
1140 1002 1378 1050 opponatur
1413 997 1436 1046 ἡ
1473 997 1653 1047 σωτηρία.

138 1050 388 1090 SCHAEF.

194 1111 275 1148 τοῖς
316 1107 524 1157 θεωμένοις
564 1109 687 1161 ἡμῶν]
748 1108 855 1149 Nun
905 1123 987 1147 non
1039 1123 1181 1148 omnes
1232 1112 1468 1161 spectatum
1518 1108 1570 1147 ib
1563 1113 1652 1147 ¹..1nt

138 1162 632 1217 REISK.()pp0nitu1
667 1164 772 1215 πάσῃ
810 1166 853 1220 τῆ
888 1170 1012 1204 τόλει.
1051 1166 1157 1214 ἡμῶν
1190 1164 1298 1204 male
1334 1164 1495 1204 omittit
1534 1164 1655 1203 'libe-

137 1218 522 1260 1·ius.S(JHAEI.

193 1278 289 1329 465,
316 1288 352 1326 7.
377 1277 470 1328 τῶν]
503 1276 616 1316 Male
638 1277 797 1316 omittit
820 1276 1023 1316 Tiberius.
1057 1276 1305 1317 SCHAEF.

193 1333 289 1384 465,
315 1334 350 1371 8.
375 1333 800 1385 ὥσθ’-κεκτημένοις]
832 1333 925 1371 Νοιι
954 1347 1052 1385 pars
1080 1331 1472 1385 argumentationis,
1496 1332 1568 1371 sed
1591 1346 1655 1371 co-

137 1387 350 1427 rollarium
372 1388 508 1428 obiter
528 1388 732 1428 additum.
763 1389 899 1428 Docet
922 1389 1013 1442 ipsa
1034 1389 1239 1442 particula
1265 1389 1378 1427 ὥστε.
1404 1388 1655 1428 SCHAEF.

194 1446 293 1497 465,
320 1458 380 1483 10.
414 1445 794 1495 ὅσον-κομίζεσθε]
825 1444 1029 1483 Nimirum
1062 1445 1212 1491 ἐνθάδε,
1242 1445 1284 1483 ἐν
1313 1448 1396 1484 ταῖς
1427 1445 1653 1496 χορηγίαις;

136 1501 226 1545 ἐκεῖ,
258 1503 301 1539 ἐν
328 1505 410 1542 ταῖς
442 1502 702 1552 τριηραρχίαις
733 1503 794 1540 καὶ
824 1505 905 1542 ταῖς
938 1502 1151 1551 εἰσφοραῖς.
1214 1499 1425 1553 Quidquid
1457 1499 1655 1553 pecuniae

136 1555 287 1595 divites
313 1570 478 1596 necesse
511 1570 591 1595 non
619 1556 775 1596 habent
807 1556 943 1596 choris
972 1556 1224 1610 impendere,
1253 1555 1295 1594 id
1322 1556 1375 1595 ad
1402 1570 1530 1609 remp.
1560 1569 1656 1594 con—

136 1612 243 1650 ferre
279 1617 477 1665 poterunt
514 1611 555 1651 in
591 1612 793 1652 obeundis
828 1612 1069 1652 muneribus
1106 1612 1277 1652 bellicis.
1318 1612 1363 1651 F.
1388 1611 1440 1650 A.
1464 1611 1653 1651 WOLF.

138 1667 232 1707 Non
244 1675 446 1721 poterunt,
469 1668 541 1707 sed
561 1667 707 1715 debent.
720 1683 799 1723 per
819 1669 933 1722 lacem
954 1675 1155 1722 coquntur.
1184 1667 1434 1708 SUHAEF.

196 1724 340 1776 ἐνθάδ’]
369 1724 536 1764 Scilicet
559 1726 602 1764 ἐν
623 1728 706 1766 ταῖς
728 1726 940 1777 χορηγίαις.
966 1724 1159 1764 REISK.

193 1781 349 1833 ἀφίετε]
379 1782 533 1822 ἀτελεῖς
554 1780 767 1821 facientes.
793 1781 1044 1821 SOHAEF.

195 1837 292 1888 ἐκεῖ]
342 1836 509 1876 Scilicet
550 1838 593 1876 ἐν
633 1842 716 1878 ταῖς
755 1838 1028 1889 τριηραρχίαις.
1091 1837 1211 1888 Quod
1252 1851 1323 1877 aes
1364 1852 1530 1877 necesse
1572 1852 1656 1877 non

137 1891 296 1932 habent
326 1892 475 1932 divites
506 1892 641 1932 choris
670 1893 923 1946 impendere,
953 1893 1063 1932 idem
1091 1907 1162 1933 aes
1193 1893 1407 1933 conferent
1438 1894 1491 1933 ad
1524 1908 1652 1947 remp.

137 1947 179 1987 in
201 1949 402 1988 obeundis
424 1949 786 1989 trierarchatibus.
821 1949 1016 1988 REISK.

193 2006 289 2057 465,
321 2018 380 2044 11.
418 2006 479 2044 καὶ
511 2006 562 2055 μὴ
595 2006 808 2059 λαβοῦσιν]
848 2005 955 2045 Nam
992 2007 1028 2045 οἱ
1064 2009 1383 2057 τριηραρχοῦντες
1420 2005 1555 2058 ἔχουσι
1591 2007 1656 2054 τῆς

136 2062 324 2112 χορηγίας
345 2062 541 2100 ἀτέλειαν.
567 2061 816 2101 SUHAEF.

196 2120 261 2156 τοῦ
289 2122 534 2169 τριηραρχεῖν
562 2119 665 2170 ἄξια]
693 2119 942 2170 τριηραρχίας
970 2116 1059 2167 ἄξια
1080 2133 1115 2156 v.
1142 2131 1206 2157 22.
1270 2116 1349 2156 Est
1374 2131 1521 2156 census
1543 2116 1652 2164 talis,

137 2187 259 2226 quem
283 2172 350 2226 qui
372 2173 500 2213 habet
521 2173 686 2227 cogitur
706 2179 966 2226 τριηραρχεῖν.
993 2173 1252 2214 SCHAEF.

194 2231 289 2282 465,
316 2242 376 2282 15.
401 2229 686 2282 ἀναγνώσεται]
712 2230 794 2270 Int.
817 2232 836 2269 ὁ
861 2231 1116 2281 γραμματεύς,
1142 2229 1211 2282 qui
1233 2229 1470 2269 oratoribus
1492 2244 1656 2283 semper

135 2290 305 2338 praesto
327 2291 419 2325 erat
440 2285 481 2324 in
503 2287 592 2325 foro
610 2285 870 2340 judiciisque,
890 2291 936 2325 ut
959 2286 1120 2325 illorum
1138 2286 1258 2339 jussu
1280 2285 1465 2338 publicas
1487 2286 1655 2325 tabulas

137 2347 180 2381 et
202 2340 478 2381 instrumenta
501 2356 741 2382 caussarum
764 2343 933 2396 quaevis
955 2342 1166 2382 recitaret.
1204 2342 1305 2380 Inde
1326 2346 1530 2395 perpetua
1552 2342 1654 2382 haec

137 2396 304 2450 ellipsis.
340 2398 385 2436 F.
410 2398 463 2437 A.
491 2398 680 2438 WOLF.

194 2456 290 2505 465,
319 2458 377 2492 io.
402 2454 529 2507 τοῦτο]
561 2455 639 2494 Est.
651 2469 755 2507 pars
776 2455 869 2508 lestis
890 2469 951 2501 ea,
976 2455 1087 2507 cujus
1111 2468 1199 2494 usus
1223 2468 1328 2494 manc
1348 2468 1467 2507 quum
1487 2455 1656 2493 772aoe2‘77ze

136 2523 210 2549 esse
236 2508 378 2558 debuit,
403 2524 525 2563 quam
548 2516 711 2563 partem
739 2510 913 2564 cogitari
939 2511 1035 2550 licet
1064 2510 1226 2550 scribae
1251 2511 1303 2549 ab
1334 2519 1501 2550 oratore
1523 2510 1655 2564 digito

137 2565 374 2605 indicatam.
438 2567 562 2605 Certe
599 2566 698 2605 nihil
732 2580 899 2606 necesse
933 2572 1026 2606 erat
1060 2566 1227 2606 recitari
1262 2570 1398 2606 totam
1433 2566 1567 2619 legem
1604 2567 1655 2606 de

136 2622 409 2670 trierarchiis,
442 2622 689 2675 praesertim
724 2622 756 2661 si
792 2622 952 2676 longior
985 2628 1093 2662 esset
1126 2627 1169 2662 et
1199 2622 1425 2661 multorum
1456 2622 1653 2675 capitum,

137 2683 185 2718 ut
216 2692 348 2731 paene
379 2678 577 2732 suspicor.
642 2678 690 2717 Id
722 2683 865 2718 tamen
901 2678 1084 2717 dubitari
1120 2683 1274 2731 potest,
1306 2692 1360 2717 an
1396 2677 1496 2730 legis
1530 2679 1656 2718 verba

137 2733 198 2774 ita
219 2733 301 2773 sint
323 2735 377 2773 ab
399 2734 489 2787 ipso
510 2739 682 2774 auctore
706 2734 931 2787 adscripta.
994 2733 1255 2787 Abruptiora
1275 2748 1324 2773 ea
1353 2738 1451 2773 sunt
1472 2738 1514 2773 et
1535 2734 1657 2787 plane

137 2789 211 2830 tali
241 2789 388 2843 specie,
412 2805 537 2844 quam
565 2796 771 2830 annotata
793 2790 995 2830 lectorum
1024 2790 1178 2829 habere
1208 2789 1370 2836 solent3
1405 2794 1448 2829 et
1477 2790 1588 2842 quod
1614 2793 1656 2830 δὲ

138 2845 350 2886 omittitur
374 2846 414 2885 in
438 2848 545 2901 Aug.
572 2860 618 2894 1.,
643 2846 684 2886 id
710 2862 735 2886 a
757 2850 992 2886 correctore
1018 2860 1106 2885 esse
1128 2845 1294 2893 dixeris,
1319 2845 1426 2884 sicut
1448 2845 1533 2885 alia
1556 2851 1655 2886 sunt

138 2902 323 2955 ejusdem
355 2902 522 2942 codicis.
585 2902 764 2943 Omnino
796 2903 952 2942 factum
987 2901 1153 2942 videtur
1187 2901 1289 2941 mihi
1322 2900 1499 2955 saepius,
1534 2907 1580 2941 ut
1613 2903 1654 2941 in

138 2957 250 3006 locis.
279 2957 348 2997 ubi
380 2959 572 2999 deessent
604 2958 722 3007 scit-a,
751 2958 862 3013 leges
890 2957 1044 2998 aliaeve
1071 2957 1216 2998 literae
1247 2957 1450 3010 publicae,
1484 2957 1654 2998 sicunde

889 3030 910 3053 r

1640 1717 1652 1733 ’Ξ
