1997 3256
312 126 394 167 608
616 123 704 162 FR.
731 123 782 161 A.
808 120 1035 160 WOLFII
1072 118 1525 159 PROLEGOMENA

248 237 300 278 72
314 229 503 270 habitum
534 228 643 267 inter
673 225 859 279 praemia
890 225 1109 273 solenniaa,
1134 239 1240 277 quae
1272 224 1454 264 Athenis
1484 238 1534 263 ex
1562 229 1701 263 vetere
1730 237 1823 262 0011-

315 285 535 326 suetudine
575 287 617 322 et
653 280 831 334 sapienti
868 280 1037 320 consilio
1074 280 1305 320 constituta
1341 284 1474 319 erant.
1536 279 1704 319 Etenim
1740 291 1824 318 3111-

315 342 447 396 pliora
468 346 509 379 et
532 337 757 378 illustriora
778 341 900 376 erant
923 337 1047 381 εἰκών,
1071 337 1267 386 προεδρία,
1292 338 1454 385 σίτησις,
1477 336 1687 386 στέφανος.
1744 334 1824 373 Sed

315 399 416 437 11300
440 395 590 435 onmia.
613 393 693 432 dici
716 393 783 431 vix
804 396 957 445 potest,
982 405 1107 444 quam
1132 405 1229 430 rara
1254 390 1407 430 fuerint
1439 391 1645 444 prioribus
1673 390 1824 430 aetati-

251 460 303 500 73
316 455 405 499 bus.
429 465 555 505 quum
576 449 763 503 populus,
787 449 837 488 de
869 462 943 487 sua
974 447 1170 487 libertate
1201 452 1244 486 et
1274 447 1496 499 majestate
1524 446 1680 486 tuenda
1706 445 1826 485 unice

317 507 515 548 sollicitus
541 512 584 546 et
609 505 782 545 nimium
813 503 1075 557 suspiciosus,
1099 517 1262 542 omnem
1292 502 1465 556 gloriam
1496 517 1634 542 rerum
1664 501 1826 555 publice

317 570 531 619 gestarum
572 561 649 601 sibi
686 561 926 608 vindicaret,
965 559 1133 607 civibus,
1168 557 1237 612 qui
1278 572 1344 597 res
1384 563 1613 611 gesserant,
1650 557 1828 611 maligne

318 617 600 661 detraheretb.
664 618 815 670 Itaque
847 621 1014 656 statuae
1045 616 1190 662 honor,
1219 618 1423 667 quantum
1453 613 1698 666 accepimus,
1730 618 1829 653 ante

318 675 602 730 tyrannicidas
632 673 787 713 nemini
813 672 990 726 contigit
1020 676 1189 725 praeter
1211 670 1441 717 SolonemC,
1464 683 1597 722 neque
1618 683 1666 709 eo
1691 668 1829 722 proxi-

318 733 396 772 mis
418 730 676 784 temporibus
698 729 859 784 dignati
882 734 980 768 sunt
1004 727 1231 775 Miltiades.
1252 725 1566 772 Themistocles,
1589 725 1669 771 3111,
1689 739 1830 778 quain-

320 789 379 828 115
406 788 588 827 maxima
619 786 730 826 falna
759 785 1004 825 meritorum
1035 784 1145 824 inter
1165 797 1260 822 suos
1282 781 1504 835 conspicui.
1566 782 1714 834 Aeque
1735 795 1831 820 raro

320 846 515 895 προεδρία,
549 843 590 881 id
623 848 686 882 est
720 841 964 881 honoratior
1002 840 1117 879 locus
1154 838 1324 878 sedendi
1360 837 1401 876 in
1435 836 1621 884 ecclesia,
1652 835 1831 876 theatris

320 900 493 954 aliisque
527 897 796 953 popularibus
828 896 1101 945 consessibus,
1134 895 1202 935 illa
1232 898 1373 934 aetate
1405 893 1612 933 dabatur:
1650 907 1748 932 nam
1778 892 1832 932 ad

320 957 429 995 1111110
452 970 614 1008 quoque
636 955 835 993 honorem
857 954 1024 992 decreto
1050 951 1190 1006 populi
1214 964 1316 1004 opus
1338 949 1471 989 eratd.
1535 950 1695 988 Verum
1718 947 1833 988 Peri-

321 1012 393 1051 clis
425 1011 601 1056 saecule,
627 1010 660 1049 si
683 1009 850 1050 Comieo
882 1008 1102 1056 credimus,
1128 1007 1280 1047 invasit
1312 1020 1453 1046 omnes
1476 1020 1604 1045 vanae
1635 1004 1834 1059 gloriolae

321 1082 438 1108 amor
454 1073 495 1107 et
513 1067 615 1107 alios
636 1065 910 1119 praecedendi
932 1064 1191 1118 primamque
1210 1063 1349 1102 sedem
1367 1061 1595 1115 occupandi
1612 1061 1833 1115 cupiditas,

321 1123 506 1177 praemia
527 1128 669 1162 autem
691 1120 948 1161 obsolescere
972 1124 1225 1173 coeperunt;
1258 1132 1399 1172 quum,
1422 1132 1528 1172 quae
1549 1122 1675 1157 antea
1696 1120 1834 1156 essent

322 1179 492 1219 summis
528 1177 690 1217 meritis
725 1182 892 1231 negata.
928 1190 1051 1230 saepe
1085 1175 1394 1229 indignissimus
1428 1173 1602 1227 quisque
1636 1173 1831 1213 auferret.

324 1235 434 1275 Dein
457 1234 597 1289 populi
626 1234 832 1287 impotens
860 1233 1006 1272 levitas
1034 1231 1292 1285 amplissima
1313 1244 1501 1284 quaeque
1523 1236 1565 1269 et
1586 1229 1718 1283 ipsam
1741 1227 1833 1268 civi-

257 1294 311 1334 74
324 1296 481 1332 tateme
504 1290 648 1331 effudit
666 1290 707 1329 in
728 1289 908 1343 primum
926 1303 1141 1342 quemque,
1160 1287 1302 1335 0110111,
1321 1286 1598 1340 peregrinum,
1615 1285 1833 1333 Graecum,

322 1416 519 1447 quorumque
557 1405 769 1444 vectigalium,
808 1404 897 1434 aliae.
960 1404 1047 1434 Bene

322 1450 399 1480 haec
422 1456 453 1479 et
476 1449 590 1478 similia
613 1449 726 1477 docent
749 1448 855 1486 Intpp.
877 1448 915 1476 ad
938 1446 1046 1476 Pollu·
1114 1446 1167 1475 ubi
1194 1443 1432 1483 ἀλειτούργητοι
1458 1445 1619 1480 dicuntur,
1642 1445 1694 1483 qui
1720 1445 1837 1474 Atticis

322 1502 389 1522 cem
412 1492 442 1528 8,
462 1500 532 1528 140.
551 1498 582 1520 et
598 1489 734 1519 vandal.
753 1490 918 1519 Dissertat.
937 1489 1047 1527 Antiq.
1115 1494 1190 1517 sunt
1214 1487 1345 1517 ἀτελεῖς.
1392 1488 1485 1516 Adde
1507 1487 1685 1516 Diodorum
1707 1487 1766 1516 Sic.
1789 1497 1838 1526 11,

323 1541 354 1564 et
376 1534 530 1563 Marmor.
556 1533 668 1562 illustr.
696 1543 725 1570 p.
747 1533 815 1570 781.
863 1532 972 1560 Unum
999 1538 1047 1560 ta·
1115 1539 1166 1568 43.
1214 1531 1367 1560 Nondum
1394 1530 1478 1559 enirn
1507 1529 1606 1567 video,
1631 1539 1688 1559 0111·
1715 1528 1838 1559 ἀτελεῖς

1114 1403 1146 1432 111
1175 1402 1340 1432 Βο1005111.
1370 1401 1427 1432 Or.
1449 1403 1488 1432 de
1516 1402 1587 1431 Cor.
1618 1412 1646 1440 p.
1677 1401 1747 1440 256,
1778 1411 1836 1439 10.‚

323 1587 397 1606 men
421 1577 460 1605 ab
484 1575 533 1605 his
556 1575 705 1605 omissum
730 1581 786 1610 est,
804 1571 932 1603 ἀτέλεια
949 1573 1045 1612 ἱερῶν,

323 1629 419 1657 quam
451 1618 567 1647 Noster
598 1617 701 1655 tangit
732 1627 761 1655 p.
795 1625 880 1655 495„
912 1616 1048 1652 brevius,

324 1671 419 1700 quam
436 1660 529 1690 velles
548 1661 579 1689 in
601 1670 644 1695 re,
663 1669 756 1697 quain
781 1658 888 1688 nullus
904 1665 1048 1688 veterum

325 1704 412 1732 nobis
436 1704 589 1741 exposuit.
640 1702 831 1739 Coniectura
855 1711 929 1739 ergo
949 1710 1047 1739 quum

325 1746 481 1775 utendum
498 1745 549 1780 sit,
568 1745 627 1774 nisi
644 1754 694 1773 me
716 1754 785 1773 mea
808 1743 898 1779 fallit,
916 1743 1048 1772 oratoris

325 1788 515 1818 sententiam
539 1797 643 1825 presse
666 1796 810 1825 sequens,
827 1786 1048 1824 pertinuitz'm-

325 1832 466 1859 munitas
490 1839 648 1859 sacrorum
673 1839 718 1865 οο,
737 1829 821 1866 quod
845 1828 927 1858 cives
951 1828 1048 1857 debu-

326 1878 421 1903 erunt
437 1872 579 1901 victimas
594 1878 625 1901 et
641 1871 716 1900 31135
733 1881 792 1908 res,
809 1871 939 1900 fortasse
959 1879 1051 1908 pecu-

327 1916 412 1944 niam
429 1924 552 1953 quoqne
567 1924 695 1953 erogare
711 1914 743 1942 in
760 1913 887 1952 templa,
901 1912 1052 1942 sacrificia

327 1965 358 1988 et
382 1957 442 1986 alia
459 1958 599 1995 ejusdem
623 1956 766 1995 generis:
790 1966 825 1985 ac
845 1956 883 1984 de
906 1955 954 1984 his
978 1954 1051 1993 ipsis

328 1999 376 2030 vel
396 2006 484 2038 parte
506 2009 615 2028 eorum
640 1998 788 2037 accipiam
809 1998 903 2027 etiam
920 1996 960 2026 τὰ
975 1995 1052 2034 ’γέρα

329 2041 479 2071 Aeschini
497 2047 670 2070 memorata
693 2041 725 2069 in
746 2041 810 2069 loco
827 2040 941 2078 insigni
961 2039 1052 2068 Orat.

330 2084 363 2112 in
382 2083 520 2121 Ctesiph.
538 2094 566 2120 p.
586 2092 648 2119 430
665 2083 700 2112 C.
735 2082 792 2120 [V.
809 2083 846 2111 ad
866 2092 894 2120 p.
915 2090 986 2119 495.
1004 2090 1051 2109 12.

332 2126 369 2154 G.
388 2125 627 2162 DINDORF.]
677 2125 894 2154 Confirmatur
910 2123 968 2152 1100
978 2133 1054 2162 quo-

330 2169 498 2196 dammodo
520 2168 558 2196 ab
582 2166 764 2201 Aristotele,
787 2167 838 2205 qui
867 2167 904 2195 de
928 2165 1052 2204 magni-

332 2210 458 2239 ficentia
482 2209 610 2247 loquens
635 2210 667 2238 in
694 2208 806 2238 Ethica
831 2209 954 2237 Nicom.
975 2217 1005 2243 4,
1024 2215 1051 2244 5.

333 2259 457 2281 sumtus
480 2252 512 2280 in
537 2251 664 2290 templa,
682 2251 884 2280 anathemata
906 2256 937 2280 et
960 2250 1055 2279 sacri-

334 2294 404 2323 ficia
427 2294 591 2332 conjungit
608 2303 679 2322 cum
696 2293 853 2332 choragia,
871 2292 1055 2322 trierarchia

332 2343 364 2366 et
381 2334 530 2365 ἑστιάσει.
576 2336 635 2365 Sed
653 2335 788 2365 alterum
810 2335 935 2364 illorum
958 2344 1053 2373 gene-

334 2388 416 2415 rum,
435 2388 515 2416 quae
538 2378 680 2416 superius
704 2378 803 2416 posui,
821 2377 868 2407 vel
885 2384 1055 2415 utrumque

335 2421 447 2450 Graeci
469 2421 589 2456 dicunt,
614 2430 711 2459 quum
739 2419 919 2458 simpliciter
945 2419 1055 2448 dicunt

334 2460 489 2492 ἀτέλειαν.
529 2463 568 2492 Et
584 2463 657 2492 hinc
673 2472 796 2501 quoque
812 2461 966 2500 intelliges
983 2460 1054 2490 ἀτέ-

336 2510 423 2534 λειαν
439 2503 583 2534 ἁπάντων
599 2506 680 2543 apud
698 2505 826 2534 Atticos.
877 2504 960 2533 Nam
976 2503 1054 2533 nihil

336 2548 374 2576 ad
399 2557 455 2576 nos
476 2547 647 2576 Herodian.
669 2556 696 2584 2,
714 2559 741 2584 4.
791 2547 902 2585 Itaque
918 2547 941 2575 si
959 2546 1056 2576 recti-

336 2589 455 2627 galium
494 2590 677 2619 immunitas
712 2589 893 2618 continetur
930 2589 1057 2618 nomine

336 2631 490 2666 ἀτελείας,
503 2642 574 2662 vere
587 2632 735 2670 Leptines
751 2631 803 2660 illa
817 2631 939 2661 ratione
957 2631 1059 2669 potuit

337 2674 394 2710 uti,
420 2685 513 2712 quam
540 2674 654 2704 Noster
680 2675 790 2713 carpit,
815 2684 854 2703 110
879 2674 980 2703 dicam
1007 2684 1058 2703 ca-

338 2715 514 2746 lumniatur
528 2727 556 2754 p.
574 2716 645 2753 464.
692 2716 767 2746 «13111
784 2727 823 2746 ex
840 2717 886 2753 iis,
903 2726 983 2754 quae
999 2717 1060 2745 dis-

339 2759 459 2796 putari,
479 2759 565 2788 varie
591 2759 738 2797 explicari
766 2759 880 2788 debent
906 2758 1058 2787 immuni-

340 2807 429 2837 111105,
445 2810 522 2838 quas
538 2801 670 2839 legimus
685 2812 737 2831 5011
755 2801 872 2830 civitati
890 2810 908 2829 3.
923 2800 1058 2837 civitate,

341 2852 393 2871 seu
411 2842 533 2880 privato
549 2853 718 2877 concessas,
732 2850 767 2872 111
783 2843 815 2872 111
834 2843 994 2879 Inscriptt.
1009 2853 1058 2881 ap.

342 2884 567 2913 Chandlerum.
584 2895 612 2923 p.
634 2894 680 2914 20.
709 2885 858 2914 Herodot.
878 2894 904 2922 1,
921 2893 971 2922 54,
996 2885 1060 2914 Χο-

340 2925 434 2964 noph.
454 2926 578 2957 Hellen.
596 2936 622 2965 1,
635 2936 662 2963 2,
678 2935 704 2964 7.
731 2927 906 2965 Psephism.
924 2928 1057 2965 Byzant.

1115 1574 1206 1602 docto
1235 1572 1399 1610 interpreti
1434 1572 1475 1600 ibi
1507 1572 1659 1610 scriptum
1694 1571 1840 1601 videatur

1116 1625 1172 1653 pro
1200 1614 1357 1644 ἵστολεῖςε
1392 1614 1451 1642 nisi
1479 1614 1560 1644 forte
1587 1614 1619 1642 in
1650 1614 1757 1644 animo
1783 1614 1838 1644 ha-

1116 1658 1184 1687 buit
1201 1657 1303 1687 locum
1322 1656 1470 1694 Xenoph.
1488 1657 1526 1686 (10
1543 1656 1664 1695 Vectig.
1685 1670 1715 1694 4,
1732 1666 1779 1686 12.

1159 1707 1175 1724 a
1201 1699 1354 1738 Colligere
1373 1700 1404 1728 id
1421 1698 1498 1728 mihi
1516 1705 1598 1728 recte
1614 1699 1720 1728 videor
1735 1709 1774 1728 ex
1791 1699 1839 1737 iis,

1117 1752 1197 1781 quae
1223 1749 1328 1772 orator
1354 1742 1449 1771 habet
1473 1752 1502 1780 p.
1520 1750 1592 1780 493.
1639 1741 1737 1780 Apud
1764 1741 1840 1772 alios

1118 1795 1183 1815 rem
1201 1795 1264 1814 non
1280 1784 1411 1814 memini
1428 1794 1478 1813 me
1494 1783 1606 1822 legere.

1164 1826 1181 1849 b
1208 1827 1299 1856 Conf.
1326 1827 1500 1865 scriptores,
1532 1835 1609 1864 quos
1641 1825 1768 1854 laudavi
1807 1826 1840 1855 in

1119 1870 1334 1899 Commentar.
1361 1870 1399 1898 ad
1427 1879 1455 1906 p.
1483 1876 1556 1906 477,
1584 1867 1633 1897 26.
1657 1874 1689 1898 et
1716 1877 1790 1907 491,
1813 1877 1840 1897 1.

1120 1913 1179 1942 Sed
1201 1912 1245 1941 illi
1265 1922 1330 1941 rem
1355 1911 1460 1950 paullo
1475 1910 1565 1940 aliter
1580 1910 1841 1948 interpretantur.

1121 1955 1180 1984 His
1203 1956 1298 1984 addat
1323 1954 1383 1984 tiro
1403 1954 1556 1992 Nepotem
1583 1962 1678 1982 suum
1702 1952 1842 1982 Miltiad.

1120 2007 1145 2026 c.
1164 1997 1192 2027 6.

1165 2046 1180 2062 C
1198 2039 1271 2068 vid.
1287 2038 1467 2068 Mem-siun]
1484 2038 1522 2067 de
1539 2037 1701 2067 Ceramico
1716 2036 1843 2076 gemino

1121 2091 1146 2110 c.
1168 2081 1215 2111 16.

1165 2121 1182 2145 (1
1207 2123 1256 2152 De
1276 2124 1349 2160 jure
1371 2121 1530 2160 προεδρίας
1553 2122 1633 2152 conf.
1653 2121 1787 2151 Casaub.
1804 2121 1844 2150 ad

1124 2165 1332 2204 Theophrast.
1353 2165 1499 2194 Charact.
1517 2172 1546 2202 5.
1568 2170 1599 2193 et
1623 2163 1843 2193 Hemsterhus.

1121 2209 1159 2237 ad
1178 2207 1337 2237 Pollucem
1354 2207 1384 2243 8,
1400 2215 1469 2243 133.

1165 2256 1180 2273 e
1199 2250 1367 2286 Quantum
1384 2249 1521 2288 pretium
1537 2247 1622 2284 olim,
1636 2247 1767 2277 florente
1783 2246 1845 2276 dis-

1121 2292 1248 2331 ciplina,
1275 2291 1488 2321 Athenienses
1515 2291 1581 2328 juri
1608 2289 1745 2320 civitatis
1770 2299 1845 2319 suae

1122 2334 1301 2371 statuerint,
1318 2340 1431 2363 notum
1447 2339 1494 2363 est
1509 2334 1542 2362 in
1556 2332 1671 2371 vulgus
1687 2338 1718 2361 et
1733 2333 1846 2361 docent

1121 2376 1265 2415 exempla
1290 2376 1396 2413 negati
1422 2375 1471 2405 vel
1498 2375 1679 2414 potentibus
1708 2374 1845 2413 regibus,

1123 2419 1226 2458 qualia
1260 2418 1354 2448 libelli
1385 2418 1627 2457 Antiquitatum
1659 2422 1846 2455 suggerunt.

1123 2463 1183 2492 Sed
1210 2461 1413 2491 eximendum
1444 2461 1481 2490 iis
1504 2459 1654 2498 exemplis
1680 2467 1726 2489 est
1756 2458 1845 2496 illud,

1123 2504 1206 2543 quod
1225 2504 1372 2533 Potterus
1395 2503 1509 2541 aliique
1530 2503 1603 2532 inde
1618 2512 1637 2531 a
1653 2501 1782 2540 Sigonio
1798 2511 1844 2530 re-

1124 2553 1246 2585 petunt,
1276 2547 1314 2575 de
1338 2545 1489 2583 Menone,
1517 2543 1690 2582 Pharsalio,
1712 2549 1743 2572 et
1769 2543 1845 2572 Per-

1125 2589 1220 2625 dicca,
1265 2588 1478 2618 Macedonum
1516 2597 1598 2626 rege,
1631 2592 1768 2615 tractum
1806 2595 1845 2615 ex

1126 2631 1291 2660 Demosth.
1323 2631 1361 2660 de
1392 2629 1550 2669 republica
1580 2629 1679 2658 ordin.
1713 2638 1742 2666 p.
1776 2634 1846 2665 173,

1127 2673 1155 2702 6.
1204 2673 1269 2709 Qui
1302 2673 1394 2702 ambo
1423 2672 1508 2702 enim
1535 2671 1594 2700 1100
1622 2671 1657 2699 111
1687 2669 1752 2699 1000
1782 2669 1847 2699 5013

1127 2716 1330 2745 immunitate
1359 2715 1462 2744 ornati
1491 2724 1557 2743 esse
1586 2713 1748 2748 dicuntur,
1782 2721 1849 2741 eos-

1126 2759 1198 2788 dem
1229 2757 1347 2788 Orator
1377 2757 1438 2787 alio
1467 2756 1545 2789 loco,
1574 2755 1627 2784 ubi
1657 2754 1711 2783 illa
1739 2754 1847 2783 eadem

1127 2807 1158 2830 et
1180 2800 1289 2829 iisdem
1309 2800 1411 2829 verbis
1435 2804 1612 2831 recurrunt,
1635 2796 1699 2826 sola
1721 2796 1848 2825 civitate

1127 2850 1253 2871 ornatos
1273 2843 1358 2880 dicit,
1376 2852 1433 2871 nec
1456 2841 1497 2870 ibi
1521 2841 1558 2870 de
1582 2838 1783 2868 immunitate
1808 2847 1848 2867 ne

1127 2884 1185 2921 ’γρὺ
1208 2884 1344 2923 quidem.
1391 2884 1485 2920 Quod
1511 2889 1619 2912 utrum
1643 2882 1682 2910 ad
1705 2879 1848 2918 exempla

1128 2927 1199 2956 fidei
1230 2927 1385 2957 oratoriae
1415 2926 1598 2963 referamus,
1623 2932 1702 2962 quae
1732 2922 1847 2961 passim
