1997 3256
574 143 903 184 ADVERSUS
940 145 1288 186 LEPTINEM.
1606 147 1690 190 66ss

172 245 271 284 dum
293 245 344 285 de
365 245 440 285 tali
460 246 666 299 scriptzwa
690 253 765 288 aut
792 248 948 290 tabulis.
1012 249 1132 291 Conf.
1158 251 1343 292 Perizon.
1366 253 1421 293 ad
1442 252 1607 293 Aelian.
1631 251 1684 293 V.

171 300 229 340 H.
252 315 291 350 4,
316 313 337 340 2
341 314 381 353 5.
436 301 585 355 Itaque
601 303 690 356 jam
711 308 801 344 tum
824 305 864 344 in
887 306 949 345 his
971 307 1095 346 rebus
1118 308 1271 347 bonum
1293 308 1481 349 ordinem
1502 309 1687 348 videmus

169 356 417 397 adhibitum.
451 360 718 410 σιτοφύλακας
739 361 877 413 plures
904 368 1151 411 memorant,
1175 378 1278 416 quos
1307 364 1452 404 laudat
1477 364 1687 405 Meursius

169 412 210 451 in
233 412 408 453 Piraeeo
430 428 463 453 0.
485 427 525 466 5.
588 415 669 456 Sed
696 416 836 469 potior
863 417 977 458 locus
1005 426 1069 459 est
1095 419 1136 458 in
1166 419 1312 473 Lysiae
1336 420 1408 460 Or.
1435 433 1500 461 22.
1524 436 1563 474 p.
1587 432 1682 473 722.

170 468 220 508 F.
243 468 297 509 A.
323 469 518 509 WOLF.

224 527 323 576 467,
345 528 383 565 6.
416 527 879 582 οὐκοῦν-τρισχιλίους]
928 530 1070 569 Leuco
1102 545 1228 583 quum
1261 531 1528 579 tricesimam,
1561 547 1685 585 quam

167 581 221 620 ab
257 581 349 621 aliis
380 597 401 622 e
433 582 573 622 Ponto
609 585 864 625 frumentum
896 587 1218 639 exportantibus
1254 587 1397 640 exigit,
1431 588 1550 627 nobis
1583 589 1685 628 data

167 636 430 678 immunitate
462 639 636 692 portorii
666 641 884 688 remiserit,
909 642 1135 694 quotannis
1163 642 1205 681 in
1234 656 1403 695 300000
1431 643 1685 683 medimnum

166 693 285 732 nobis
316 695 496 735 remittit
526 696 751 735 admodum
788 709 922 736 10000
953 698 1073 745 111011,
1101 697 1143 736 111
1176 711 1340 738 100000
1370 703 1512 738 autem
1543 708 1685 753 3333}

165 749 272 789 med.
336 751 589 791 Posterioris
625 752 784 792 numeri
815 753 905 792 loco
937 752 1242 793 Demosthenes
1280 754 1421 807 posuit
1453 768 1578 807 3000,
1612 756 1684 795 ad—

161 805 276 858 jecto
305 807 535 858 ὡσπεραυεί.
597 808 717 858 Quod
746 823 794 847 eo
821 808 931 856 fecit,
961 808 1119 862 opinor,
1150 814 1198 849 ut
1225 824 1291 849 res
1320 810 1465 850 statim
1494 811 1686 851 omnibus

166 861 329 914 planior
359 863 503 909 fieret;
538 878 711 916 eamque
739 864 872 917 ipsam
903 869 1006 917 puto
1034 879 1225 905 caussam
1253 880 1353 915 esse,
1384 881 1525 919 quare,
1557 882 1684 921 quum

165 917 281 970 prius
309 918 543 958 universam
572 934 774 960 summam
803 934 971 970 400000
993 921 1247 961 medimnum
1275 922 1473 975 posuerit,
1497 938 1546 963 ea
1575 938 1683 964 nunc

164 973 337 1026 partita,
367 975 545 1028 primum
576 976 627 1015 (10
654 988 836 1029 300000,
865 991 962 1015 mox
991 977 1042 1017 de
1068 991 1231 1017 100000
1262 978 1438 1018 residuis
1466 979 1685 1020 medimnis

165 1028 291 1077 dicat,
315 1031 481 1085 quando
506 1032 672 1071 brevius
701 1032 837 1073 dicere
866 1038 1061 1086 poterat:
1096 1035 1224 1074 Lenco
1251 1035 1296 1074 in
1325 1034 1398 1074 ι’ἰία
1419 1048 1590 1087 400000
1612 1050 1685 1076 me-

164 1085 347 1126 dimnftm
368 1087 532 1127 remittit
551 1088 661 1128 nobis
688 1102 837 1142 13333.
881 1089 964 1129 Sed
985 1104 1091 1142 quae
1113 1090 1222 1130 ratio
1243 1091 1406 1130 auctori
1428 1106 1528 1145 prae
1549 1092 1684 1133 altera

164 1141 332 1195 placuit,
365 1157 415 1183 ea
446 1148 488 1183 et
518 1144 658 1184 animo
689 1150 732 1184 et
762 1145 961 1185 memoria
992 1146 1152 1185 facilius
1188 1161 1310 1199 posse
1340 1147 1473 1187 teneri
1506 1148 1682 1198 videtur,

163 1200 562 1253 accommodataque
585 1215 672 1240 esse
695 1200 821 1240 etiam
847 1201 1029 1241 auditori
1057 1202 1342 1242 arithmetices
1368 1203 1504 1243 minus
1531 1204 1681 1257 perito.

165 1253 212 1293 F.
236 1254 288 1295 A.
316 1255 508 1295 WOLF.
571 1257 888 1303 Demosthenes,
911 1257 1071 1311 opinor,
1094 1258 1200 1298 hanc
1232 1258 1438 1298 rationem
1466 1260 1683 1313 praetulit,

164 1324 246 1349 non
274 1316 364 1351 tam
395 1316 442 1351 ut
472 1327 560 1352 reni
592 1313 738 1353 statim
769 1313 960 1353 omnibus
990 1314 1218 1367 planiorem
1249 1315 1417 1363 faceret,
1450 1316 1682 1367 (auditores

163 1366 273 1405 enim
304 1368 489 1408 habebat
519 1369 573 1408 ad
603 1369 706 1409 talia
740 1369 1008 1423 intelligenda
1038 1370 1323 1410 arithmetices
1354 1371 1457 1411 satis
1489 1372 1680 1425 peritos,)

163 1437 288 1476 quam
322 1428 369 1464 ut
405 1425 729 1465 emolumentum
758 1425 860 1479 reip.
894 1425 1123 1479 biparticns
1158 1426 1199 1465 in
1232 1432 1480 1480 argumento
1511 1442 1683 1469 caussae

163 1493 265 1519 suae
284 1485 373 1520 tam
393 1481 509 1535 gravi
530 1482 714 1521 oratorio
735 1481 914 1522 artificio
936 1482 1093 1522 diutius
1112 1488 1360 1523 moraretur.
1396 1482 1650 1525 SOHAEF.

218 1538 319 1588 467,
344 1538 379 1577 8.
402 1538 658 1590 τρισχιλίους]
689 1538 772 1578 Ter
798 1538 909 1578 mille
929 1543 972 1578 et
995 1539 1106 1593 quod
1127 1538 1337 1578 excurrit:
1371 1554 1472 1594 ergo
1493 1540 1682 1581 universe

162 1591 297 1632 decies
320 1598 362 1633 et
384 1597 449 1633 ter
469 1594 580 1633 mille
601 1594 830 1634 medimnos
852 1609 945 1634 011111
966 1609 1150 1635 excessu.
1183 1595 1376 1635 REISK.

218 1650 314 1701 467,
331 1663 391 1689 10.
411 1650 813 1700 προσκατασκευάσας
835 1652 1020 1702 ἐμπόριον
1036 1652 1277 1705 &evoco-[av]
1308 1652 1422 1706 Ergo
1440 1658 1539 1693 ante
1554 1668 1679 1707 quam

163 1704 411 1753 Theudosia,
446 1706 558 1746 locus
590 1707 750 1747 Austro
786 1708 967 1761 propior,
1000 1722 1095 1747 cum
1135 1712 1260 1762 portu
1303 1709 1602 1762 opportuniore
1638 1716 1680 1751 et

161 1761 273 1801 haud
305 1762 429 1802 dubie
459 1762 625 1802 navium
656 1763 884 1817 capaciore,
910 1764 1114 1804 mercatui
1150 1768 1382 1818 aptaretur,
1415 1765 1679 1807 naviculariis

160 1817 490 1858 Atheniensibus
531 1834 658 1858 unum
699 1819 929 1873 emporium
970 1820 1093 1873 hujus
1132 1825 1298 1861 tractus
1334 1820 1413 1860 fuit
1451 1821 1678 1875 Bosporus.

162 1874 283 1924 Quod
311 1889 461 1914 nomen
491 1875 698 1929 posterius
720 1880 763 1916 et
785 1876 850 1915 hic
873 1881 916 1916 et
938 1891 976 1930 p.
1000 1878 1096 1926 468,
1117 1889 1179 1916 10.
1203 1892 1285 1916 11011
1306 1877 1488 1931 regionis
1509 1893 1680 1932 accepe-

160 1930 250 1979 rim,
274 1931 346 1970 sed
368 1931 507 1985 oppidi
533 1932 589 1972 ad
612 1931 843 1986 Bosporum
868 1932 1136 1972 Cimmerium
1166 1932 1249 1980 siti,
1274 1933 1428 1973 seriore
1458 1948 1560 1973 aevo
1592 1935 1677 1988 pri-

159 2000 251 2026 mae
274 1987 455 2027 civitatis
478 1988 782 2028 Sarmatarum.
844 1988 938 2028 Non
961 1988 1170 2028 diversum
1201 1989 1241 2028 id
1269 1989 1467 2043 oppidum
1499 1990 1576 2030 nisi
1608 2006 1678 2031 no-

159 2043 270 2082 mine
291 2058 315 2083 a
339 2043 636 2097 Panticapan,
661 2045 786 2084 nobili
818 2044 919 2091 1000,
944 2045 1073 2085 habet
1100 2050 1192 2085 tum
1216 2045 1374 2084 Plinius
1397 2046 1455 2085 H.
1481 2045 1531 2086 N.
1553 2060 1593 2098 4,
1614 2061 1676 2095 12,

161 2110 228 2147 24.
260 2104 351 2139 tum
391 2100 459 2139 alii
496 2106 695 2147 veterum,
733 2115 755 2140 e
794 2101 1098 2141 recentioribus
1139 2101 1328 2154 inprimis
1364 2102 1603 2156 Peyssonel.
1637 2104 1678 2143 in

162 2155 340 2196 Observa
355 2170 426 2195 sar
442 2156 494 2196 les
505 2157 672 2211 penples
693 2156 889 2204 barbares,
910 2157 980 2211 qui
1000 2164 1065 2197 ont
1084 2157 1217 2198 habite}
1238 2158 1289 2198 les
1306 2157 1419 2198 borcls
1434 2159 1490 2198 clu
1506 2159 1680 2200 Danube

157 2217 193 2251 et
222 2212 276 2251 (ῖιι
304 2213 572 2252 Pons-Euaein
602 2228 639 2266 p.
672 2214 739 2265 98.
803 2213 949 2267 Neque
989 2213 1030 2252 in
1066 2218 1233 2254 oratore
1268 2219 1413 2254 nostro
1449 2214 1678 2269 quidquam

158 2273 223 2308 est
244 2283 480 2323 repugnans
512 2269 607 2309 111110
634 2269 801 2319 rationi,
825 2284 875 2309 ne
898 2269 1045 2318 (licam,
1068 2270 1205 2310 favere
1227 2270 1263 2310 ei
1287 2271 1594 2324 quodammodo
1619 2273 1676 2313 lo-

159 2338 253 2363 cum
284 2325 486 2365 orationis
518 2326 611 2366 adv.
637 2326 792 2366 Lacrit.
824 2341 864 2379 p.
894 2340 1002 2381 933„
1037 2326 1108 2366 ubi
1137 2326 1375 2367 Theudosia
1410 2332 1454 2367 et
1481 2328 1677 2369 Pantica-

158 2395 307 2433 paeum
345 2381 531 2434 emporia
566 2381 721 2435 pluries
759 2383 903 2422 eodem
945 2383 1256 2437 conjunguntur
1295 2383 1431 2431 modo,
1466 2398 1546 2437 quo
1578 2385 1618 2424 h.
1650 2385 1676 2425 1.

160 2436 395 2477 Theudosia
412 2443 455 2477 et
471 2437 695 2492 Bosporus.
741 2438 865 2477 Prius
883 2453 1033 2478 nomen
1051 2438 1092 2477 in
1109 2439 1225 2478 libris
1243 2439 1431 2493 pluribus
1447 2443 1675 2481 Θευδοσίαν

157 2492 374 2546 scriptum.
436 2494 550 2533 Vera
590 2494 710 2533 unice
751 2498 848 2534 sunt
886 2496 1087 2534 Θευδοσία
1123 2499 1166 2534 et
1203 2497 1414 2541 Θεοδοσία,
1454 2495 1675 2537 diversitas

156 2553 299 2592 autem
320 2549 421 2589 haec
443 2550 567 2588 solius
589 2549 770 2599 dialecti,
793 2564 868 2589 nec
891 2565 939 2590 ea
964 2550 1100 2590 minus
1132 2551 1173 2589 111
1205 2550 1407 2590 similibus
1438 2552 1674 2593 nominibus

156 2605 293 2653 obvia,
321 2605 363 2644 in
396 2605 558 2645 Latinis
580 2620 755 2659 quoque,
779 2610 827 2645 ut
857 2605 899 2645 in
927 2606 1183 2654 Theudosius,
1212 2606 1455 2655 Theucloms,
1484 2607 1675 2649 Theudri-

155 2675 222 2700 cus
243 2665 322 2701 etc.
374 2661 479 2701 Vide
503 2662 635 2701 Koen.
653 2662 707 2701 ad
726 2662 901 2716 Gregor.
924 2662 975 2701 de
998 2662 1175 2702 Dialect.
1197 2662 1269 2701 Gr.
1292 2677 1331 2716 p.
1357 2664 1421 2713 76.
1445 2668 1487 2703 et
1516 2676 1609 2704 222.
1632 2669 1675 2706 et

157 2716 383 2757 Burmann.
418 2718 506 2758 Sec.
538 2718 592 2758 ad
628 2718 802 2757 Anthol.
836 2718 929 2758 Lat.
953 2718 1031 2757 vol.
1055 2731 1089 2757 1.
1116 2733 1156 2771 p.
1183 2731 1276 2770 249.
1339 2718 1540 2759 Nostram
1575 2735 1673 2761 vero

157 2773 412 2827 scripturam
439 2774 505 2814 hic
527 2774 694 2827 quidem
725 2778 917 2827 praestat
942 2788 1165 2814 consensus
1191 2773 1392 2823 codicum,
1415 2775 1537 2828 plane
1558 2781 1606 2817 ut
1630 2777 1674 2817 in

159 2829 356 2883 Polyaen.
385 2840 424 2883 5.
456 2843 519 2883 23.
549 2835 591 2870 et
621 2830 801 2884 Appian.
831 2830 1023 2869 Mithrid.
1048 2844 1082 2869 c.
1102 2830 1192 2869 108.
1215 2844 1330 2883 seqq.
1394 2831 1498 2871 Loci
1528 2832 1670 2886 ipsius,

158 2899 281 2938 quem
311 2886 445 2925 Leuco
473 2886 651 2935 demum,
677 2891 841 2941 patrem
872 2885 1077 2926 obsidioni
1108 2886 1198 2940 ejus
1229 2885 1499 2926 immortuum
1530 2902 1670 2929 aemu-

158 2941 282 2991 latus,
316 2956 575 2996 expugnasse
616 2957 826 2997 regnoque
859 2942 1104 2997 Bosporano
1144 2942 1347 2996 adjecisse
1382 2943 1556 2993 videtur,
1592 2945 1672 2985 loci
