1997 3256
482 147 801 188 ADVERSUS
835 149 1316 190 ARISTOCRATEM.
1575 152 1658 195 893

146 250 333 291 ordinem
374 265 396 291 e
431 251 594 291 ratione
635 267 774 292 rerum
810 253 1058 301 desumtum,
1095 253 1174 293 illic
1214 253 1498 302 artificiosum,
1536 268 1659 307 quem

146 307 370 360 prudentia
411 308 596 348 oratoria
636 308 671 347 ei
714 309 996 363 praescripsit.
1069 310 1264 350 Ceterum
1306 310 1514 363 Ulpianus
1554 311 1659 350 bene

143 363 453 411 animadvertit,
483 378 601 403 suum
633 365 826 418 quodque
853 370 979 419 caput
1008 367 1178 405 verbum
1210 366 1363 406 habere
1390 371 1561 420 aptum:
1597 367 1659 406 ἐπὶ

142 421 216 469 μὲν
243 424 317 459 τῶν
348 421 489 470 νόμων,
516 420 662 473 inquit,
688 422 728 460 τὸ
758 423 876 473 λέγω,
905 424 953 464 ὡς
984 424 1112 461 ἁπλοῦ
1143 426 1209 461 τοῦ
1238 424 1356 472 νόμου
1381 423 1658 475 τυγχάνοντος·

145 476 207 515 ἐπὶ
229 478 269 515 δὲ
291 479 357 515 τοῦ
380 478 526 516 δικαίου
547 481 622 517 τῶν
646 478 901 527 ἀδικημάτων,
923 479 966 517 τὸ
990 478 1156 530 ἐλέγχω·
1191 479 1253 518 ἐπὶ
1281 480 1322 518 δὲ
1344 482 1411 518 τοῦ
1437 479 1660 530 συμφέρον-

144 548 218 577 τος,
243 532 285 571 τὸ
308 533 482 582 ἐξετάζω·
515 537 692 587 λογισμῷ
715 537 789 586 γὰρ
810 534 852 573 τὸ
873 535 1025 584 μέλλον
1048 536 1277 585 εὑρίσκεται.
1309 534 1541 574 VVEBER.

202 589 296 640 627,
321 601 378 642 15.
403 589 562 628 ἔσονται
583 592 623 629 δὲ
645 595 809 642 βραχεῖς
830 592 917 641 περὶ
939 591 1094 630 πάντων
1115 593 1151 630 οἱ
1171 591 1305 643 λόγοι]
1352 590 1657 641 Quinctilianus

144 643 276 684 instit.
302 651 408 685 orat.
434 660 472 696 4.
496 659 527 693 1,
551 659 618 698 34.
680 653 703 668 ⁴⁵
724 650 843 692 Sunt,
868 647 1015 699 inquit,
1040 652 1082 686 et
1107 647 1175 687 illa
1205 647 1438 687 excitandis
1463 647 1518 686 ad
1543 647 1658 687 audi-

144 701 295 740 endum
327 716 409 740 non
439 701 613 749 inutilia,
646 703 678 742 si
711 717 786 741 nos
816 717 949 756 neque
980 703 1049 741 diu
1085 708 1336 750 moraturos,
1368 717 1502 756 neque
1538 708 1659 744 extra

144 771 334 797 caussam
369 758 555 798 dicturos
589 759 867 799 existi111e11t.”
928 759 1052 798 Hanc
1088 759 1308 799 brevitatis
1340 759 1659 812 promissionem

146 812 450 854 Demosthenes
486 815 727 869 pariterque
762 814 832 855 alii
869 820 1057 855 oratores
1093 815 1374 869 frequentant,
1412 820 1460 855 ut
1498 816 1657 869 Lysias,

143 870 261 923 cujus
283 870 473 924 exempla
494 872 659 926 collegit
682 872 846 925 Taylor.
874 872 990 912 Lect.
1016 871 1110 926 Lys.
1136 887 1174 925 p.
1203 883 1296 923 227.
1337 871 1568 913 WEBER.

202 928 297 979 627,
320 928 379 966 16.
405 930 519 978 Λαβὲ
541 928 585 977 δὴ
607 929 694 970 τοὺς
720 930 858 979 νόμους
885 928 1021 970 αὐτοὺς
1051 929 1111 968 καὶ
1137 929 1248 980 λέγε]
1285 928 1528 981 Alloquitur
1559 928 1658 970 scri-

144 982 254 1029 bam,
277 983 332 1022 ad
361 983 438 1022 hoc
465 984 631 1038 publice
655 985 747 1037 (ὑπὸ
775 988 843 1024 τοῦ
871 984 990 1035 δήμου
1016 985 1231 1036 αἱρεθέντα,
1254 990 1303 1025 ut
1324 984 1425 1025 dicit
1448 985 1596 1025 Pollux
1620 987 1657 1035 8,

143 1040 234 1090 98.)
258 1039 511 1088 institutum,
535 1046 582 1081 ut
606 1041 729 1096 leges,
753 1041 933 1087 decreta.
956 1041 1209 1089 testimonia,
1232 1041 1328 1090 alia,
1350 1042 1514 1095 quoties
1539 1043 1659 1096 jube-

143 1100 274 1143 retur,
301 1095 513 1138 recitaret.
576 1098 809 1138 Grrammat.
835 1098 876 1137 in
906 1097 1038 1138 Bekk.
1063 1098 1226 1138 Anecd.
1263 1099 1324 1138 καὶ
1357 1099 1469 1140 οὗτος
1501 1099 1660 1142 οὐδενὸς

143 1152 186 1190 τὸ
209 1154 381 1192 σύνολον
401 1155 527 1195 ἄλλου
549 1156 633 1194 ἐστὶ
662 1156 787 1203 κύριος
807 1154 829 1204 ἢ
851 1158 917 1193 τοῦ
942 1156 1178 1206 ἀναγνῶναι.
1221 1155 1330 1195 ἔστιν
1352 1156 1421 1195 οὖν
1442 1157 1462 1194 ὁ
1485 1156 1659 1208 ἀναγνώ-

145 1225 250 1258 στης.
312 1209 380 1249 Ita
402 1210 479 1249 illis
499 1211 634 1264 major
653 1211 757 1251 fides
787 1225 911 1265 quam
933 1210 967 1250 si
988 1212 1042 1251 ab
1065 1216 1234 1251 oratore
1255 1210 1345 1265 ipso
1366 1211 1658 1261 recitarentur,

144 1264 392 1306 habebatur.
434 1267 495 1307 Cf.
520 1267 792 1308 Schoemann.
816 1267 867 1307 de
888 1267 1066 1308 comitiis
1089 1267 1184 1308 Att.
1209 1282 1250 1321 p.
1274 1281 1373 1321 319.
1409 1267 1646 1309 WEBER.

203 1324 298 1375 627,
320 1322 382 1362 18.
406 1325 568 1375 τούτων]
604 1324 883 1364 Aristocratis
906 1329 948 1364 et
969 1324 1186 1364 sociorum.

203 1379 298 1430 627,
316 1391 380 1418 20.
406 1382 618 1432 ΝΟΜΟΣ]
648 1381 751 1420 Post
774 1385 810 1420 N
815 1384 970 1421 ΟΜΟΣ
992 1380 1233 1434 interpunxi
1251 1395 1343 1420 cum
1362 1380 1402 1429 S,
1418 1381 1502 1421 sive
1519 1387 1660 1422 cetera

146 1449 251 1488 quae
273 1441 506 1488 sequuntur
525 1438 651 1477 verba
674 1437 948 1491 pronuntiata
969 1441 1068 1477 sunt
1088 1452 1114 1477 a
1135 1437 1272 1477 scriba
1294 1437 1368 1483 ita,
1389 1442 1437 1477 ut
1458 1442 1660 1492 tanquam

144 1506 219 1545 per
253 1493 525 1546 parenthesin
561 1494 728 1547 adjecta
763 1494 1023 1542 audirentur,
1061 1493 1145 1533 sive
1180 1508 1229 1534 ea
1268 1507 1351 1533 non
1386 1495 1661 1547 pronuntiata.

145 1553 256 1595 sunt,
280 1549 352 1589 sed
373 1549 529 1604 scripta
549 1555 717 1590 tantum
742 1549 784 1589 in
811 1550 953 1590 codice
981 1550 1131 1605 legum,
1156 1565 1259 1604 quas
1280 1549 1358 1590 sibi
1380 1550 1661 1605 descripserat

144 1610 300 1654 orator,
330 1606 597 1654 exstiterunt,
626 1612 675 1648 ut
706 1621 757 1647 ex
789 1607 867 1647 hoc
901 1607 1026 1648 titulo
1057 1612 1327 1661 cognosceret
1363 1607 1521 1655 statim,
1550 1609 1661 1649 unde

143 1661 256 1716 leges
292 1668 455 1703 sumtae
493 1669 644 1704 essent.
686 1663 743 1701 W
750 1663 920 1704 EBER..
993 1663 1084 1717 Ego
1116 1678 1280 1717 quoque
1314 1669 1412 1718 post
1447 1667 1658 1713 ΝΟΜΟΣ,

145 1719 257 1772 quod
277 1719 523 1760 vocabulum
550 1720 592 1759 in
620 1720 660 1760 S.
683 1721 810 1760 rubro
841 1720 1000 1774 liquore
1031 1719 1245 1774 scriptum,
1278 1720 1517 1775 interpungi
1548 1721 1660 1761 volu-

144 1789 258 1815 eram
280 1780 323 1816 et
344 1776 497 1816 secludi
514 1778 640 1817 verba
661 1776 851 1830 proxima
874 1780 1188 1817 ΕΚ-ΠΑΓΟΎ
1207 1777 1250 1816 111
1272 1777 1361 1817 cod.
1380 1792 1461 1817 uno
1479 1777 1631 1819 omissa
1650 1795 1658 1818 :

145 1846 251 1886 quae
272 1833 534 1886 grammatici
556 1838 793 1873 sumserunt
816 1848 866 1873 ex
887 1849 927 1887 p.
953 1834 1048 1887 636,
1072 1845 1131 1873 12.

202 1891 415 1941 NOMOE]
453 1890 516 1930 De
538 1890 616 1930 hac
643 1890 732 1943 lege
754 1890 832 1929 vid.
858 1889 1034 1930 Heraldi
1065 1889 1340 1930 animadvers.
1364 1889 1405 1929 in
1432 1890 1500 1944 jus
1523 1890 1658 1931 Attio.

146 1950 188 1984 et
219 1945 395 1986 Roman.
424 1946 493 1986 lib.
528 1959 567 2000 5.
600 1961 634 1986 c.
665 1960 705 1999 3.
732 1961 772 2000 p.
803 1960 898 1999 341.
957 1946 1086 1986 Petiti
1115 1946 1225 2000 leges
1251 1947 1385 1987 Attic.
1419 1959 1455 1999 7.
1489 1962 1528 2001 p.
1561 1949 1657 2002 605.

147 2001 313 2055 Taylori
344 2002 564 2042 Lectiones
589 2003 748 2057 Lysiae.
771 2018 810 2056 p.
832 2016 944 2055 312„
970 2002 1184 2043 Matthiae
1215 2004 1266 2043 de
1291 2003 1459 2057 judiciis
1489 2004 1544 2044 ad
1572 2018 1661 2044 cae-

147 2057 241 2097 dem
272 2059 559 2111 spectantibus
580 2075 618 2113 p.
641 2060 747 2111 148,
774 2059 957 2099 Meierus
980 2065 1021 2100 et
1045 2059 1359 2100 Schoemannus
1389 2060 1440 2100 de
1468 2060 1541 2100 lite
1564 2061 1659 2101 Att.

145 2128 186 2167 p.
209 2115 447 2169 308—315.
485 2116 717 2156 WEBER.
782 2116 987 2156 Draconis
1009 2131 1098 2155 esse
1119 2116 1230 2170 leges
1253 2131 1355 2170 quas
1382 2118 1423 2156 ἐκ
1445 2121 1521 2156 τῶν
1545 2124 1658 2169 φονι-

148 2174 224 2210 κῶν
247 2172 385 2221 νόμων,
409 2171 579 2212 recitari
606 2172 777 2226 jusserit
806 2172 913 2212 infra
944 2172 1045 2212 dicit
1069 2173 1375 2213 Demosthenes
1400 2188 1439 2226 p.
1464 2176 1558 2227 636,
1582 2186 1629 2212 12
1651 2190 1659 2213 :

145 2227 323 2280 primam
346 2243 441 2268 vero
463 2228 570 2268 hanc
591 2229 695 2283 legis
716 2229 967 2283 particulam
990 2229 1130 2269 Soloni
1151 2230 1302 2270 tribuit
1324 2230 1506 2270 Galenus
1523 2229 1602 2270 vol.
1623 2230 1661 2270 8.

146 2298 186 2336 p.
211 2285 307 2337 586.
332 2284 401 2324 ubi
424 2286 550 2325 verba
573 2287 614 2325 ἐκ
635 2287 818 2337 προνοίας
838 2286 945 2325 male
967 2291 1063 2325 suut
1085 2292 1181 2338 post
1203 2290 1388 2336 πυρκαϊᾶς
1409 2286 1624 2326 collocata.

205 2342 299 2390 627,
318 2353 382 2392 24.
407 2345 474 2380 τοῦ
494 2343 766 2393 ψηφίσματος]
804 2341 1098 2388 Aristocratei,
1119 2342 1230 2395 quod
1250 2342 1360 2382 inter
1381 2342 1662 2382 accusationis

147 2396 299 2450 capita.
332 2403 556 2450 antequam
597 2403 741 2438 orator
777 2399 903 2438 verba
937 2399 1107 2446 faceret,
1146 2397 1281 2438 scriba
1316 2398 1581 2446 recitaverat,
1614 2404 1662 2439 ut

147 2458 260 2492 recte
290 2453 483 2493 observat
512 2454 688 2507 Taylor„
717 2454 850 2494 citans
876 2453 1098 2494 Aeschinis
1129 2459 1235 2494 orat.
1265 2454 1306 2493 in
1334 2454 1544 2494 Timarch.
1569 2454 1659 2495 init.

149 2510 258 2551 εἰδὼς
289 2508 318 2548 δ’
343 2510 461 2549 αὐτὸν
484 2510 626 2562 ἔνοχον
647 2512 742 2549 ὄντα
772 2512 828 2552 οἷς
859 2512 980 2564 ὀλίγῳ
1009 2511 1198 2560 πρότερον
1220 2511 1411 2559 ἠκούσατε
1444 2512 1662 2562 ἀναγιγνώ-

149 2582 313 2607 σκοντος
344 2569 410 2604 τοῦ
444 2567 710 2616 γραμματέως.
759 2566 819 2606 Cf.
847 2567 996 2606 lNleier.
1019 2570 1062 2606 et
1093 2566 1366 2606 Schoemann.
1391 2567 1442 2606 de
1469 2566 1541 2607 lite
1563 2567 1660 2607 Att.

148 2636 187 2674 p.
216 2624 308 2672 706.
346 2622 578 2661 WEBER.

207 2679 301 2729 627,
328 2690 392 2729 27.
416 2680 449 2718 εἰ
471 2678 909 2729 σκέψαισθε-πότερα
936 2677 1043 2728 ξένος
1063 2677 1085 2728 ἣ
1106 2678 1281 2729 μέτοικος
1305 2678 1327 2727 ἦ
1348 2680 1509 2728 πολίτης
1535 2680 1658 2731 ἐστίν]

150 2734 306 2773 Orator
328 2734 463 2774 utitur
483 2734 549 2773 hic
571 2735 702 2774 forma
725 2737 1050 2785 προκατασκευῆς,
1069 2749 1193 2787 quam
1223 2735 1413 2775 rhetores
1434 2735 1594 2783 dicunt,
1616 2742 1664 2776 ut

150 2790 305 2829 habeat
338 2805 418 2843 quo
449 2790 657 2830 innitatur
693 2791 1056 2830 demonstraturus
1090 2791 1348 2830 contrarium
1383 2791 1542 2844 legibus
1573 2805 1661 2844 pse—

149 2845 311 2899 phisma
336 2860 438 2886 esse.
500 2846 557 2886 Et
587 2846 844 2900 quaestionis
872 2860 972 2885 suae
991 2847 1308 2886 fundamentum
1333 2847 1440 2900 jacit
1467 2861 1528 2895 eo,
1553 2848 1663 2900 quod

150 2901 445 2941 Charidemum
467 2917 548 2941 non
570 2903 825 2958 inquilinum,
848 2916 981 2955 neque
1008 2903 1274 2957 peregrinum
1295 2903 1410 2950 dicit,
1435 2904 1507 2944 sed
1532 2903 1663 2944 civem

150 2957 332 3011 appellat
355 2960 622 3008 δημοποίητον.
680 2959 775 2999 Hac
798 2958 907 2998 enim
929 2958 1168 2999 defiuitione
1189 2959 1301 3000 facta
1322 2959 1476 3013 potuit,
1497 2959 1664 3000 nemine
