1997 3256
502 146 824 186 ADVERSUS
859 147 1342 188 .›XRlsTOOleTEM.
1595 151 1679 193 895

162 251 307 291 civitas
330 250 537 305 piaculum
558 251 774 291 admisisse
795 253 1039 306 putabatur.
1078 253 1297 307 Antiphon
1319 254 1370 294 de
1391 254 1503 293 chor.
1523 268 1563 307 p.
1585 267 1675 303 124.

161 308 288 359 φονέα
323 308 391 346 τὸν
421 307 472 357 μὴ
500 309 622 347 αἴτιον
656 311 907 360 ψηφισθῆναι
941 311 1107 361 ἁμαρτία
1143 311 1204 349 καὶ
1237 309 1403 360 ἀσέβεια
1435 312 1487 352 εἵς
1518 327 1559 350 τε
1590 310 1677 352 τοὺς

161 363 271 405 θεοὺς
294 364 354 403 καὶ
376 363 463 405 τοὺς
485 364 633 413 νόμους.
675 364 902 404 WEBER.

218 420 269 459 62
277 420 312 467 8,
340 430 403 473 2.5
437 419 565 459 πάντα
595 422 642 460 τὰ
672 425 829 460 τοιαῦτα
855 421 1044 474 ὀιόματα]
1085 421 1183 461 Tria
1215 436 1320 475 quae
1351 426 1583 474 sequuntur
1614 439 1680 462 κα-

160 492 406 527 κουργηματα
436 476 581 515 eadem
609 476 827 530 conjunxit
850 477 1070 530 Antiphon
1101 477 1151 516 de
1184 478 1311 517 caede
1341 477 1524 517 Herodis
1546 493 1584 532 Ρ.
1610 480 1678 529 67.

159 536 206 571 ut
228 531 294 571 tri·
298 548 310 572 ι
329 532 602 585 graxissima:
637 534 735 584 φασὶ
764 535 804 573 δὲ
827 534 873 572 αι’)
895 535 939 573 τό
964 550 1005 573 τε
1035 535 1278 573 ἀποκτείνειν
1303 535 1405 585 μέγα
1433 536 1678 586 κακούργημα

161 605 272 633 (wat,
307 605 368 628 Καί
399 590 473 640 ἐγὼ
496 590 677 640 ΟμΟλΟγῶ
704 606 893 640 [λεγίσΤΟΖῘ
924 607 982 641 γε,
1011 590 1072 629 Καὶ
1100 606 1143 628 TO
1173 591 1392 641 ἱεροσυλεῖῖ)
1425 591 1486 629 Καὶ
1516 607 1558 629 ΤΟ
1585 608 1677 642 ’ΠΡΟ-

158 645 307 684 διδόιάι
330 645 397 694 τὴν
419 645 548 684 πόλιν.
580 645 814 683 WEBER.

216 702 310 753 629,
334 712 373 755 5.
407 702 426 740 ὁ
457 703 497 740 δὲ
519 701 561 739 τὸ
583 701 774 753 ψήφισμα
803 701 966 752 γράφων
994 705 1072 742 πῶς
1087 701 1116 754 ;]
1155 700 1306 740 Similis
1336 701 1556 740 verborum
1583 715 1678 741 con-

158 757 354 797 formatio
390 761 497 797 orat.
535 757 585 797 de
619 762 781 810 syntax.
816 769 974 810 Ρ.173.
1009 759 1077 799 τὰς
1110 758 1183 807 μὲν
1219 756 1264 807 δὴ
1297 759 1499 798 πολιτικὰς
1534 760 1679 808 δωρεὰς

157 814 276 854 οὕτως
298 814 442 853 ἐκεῖνοί
459 830 500 853 τε
523 817 649 854 καλῶς
671 814 810 863 ἔνεμον
833 814 894 852 καὶ
915 815 1024 863 ὑμεῖς
1050 813 1117 852 οὐκ
1143 814 1277 864 ὀρθῶς·
1310 815 1377 854 τὰς
1398 815 1438 853 δὲ
1460 817 1536 853 τῶν
1558 814 1678 863 ξένων

156 872 260 915 πῶςς
295 869 345 909 de
367 883 506 909 coron.
529 884 568 923 p.
586 880 683 923 305.
706 871 752 908 τὰ
773 870 845 919 μὲν
866 872 932 919 τῆς
953 871 1105 911 πόλεως
1127 871 1246 911 οὕτως
1267 871 1440 922 ὑπῆρχεν
1463 870 1676 922 ἔχοντα--

157 927 204 964 τὰ
230 927 271 964 δὲ
302 929 367 964 τοῦ
397 925 876 977 Φιλίππου-σκέψασθε
907 929 1009 972 πῶς;
1050 925 1209 976 Quibus
1240 925 1339 965 locis
1371 930 1418 966 ut
1442 940 1522 965 vox
1551 926 1677 966 inter-

155 981 329 1035 rogandi
353 981 589 1035 postposita
610 981 665 1021 sit
687 981 962 1035 oppositionis
983 982 1093 1022 ratio
1115 981 1264 1022 effecit.
1319 982 1510 1022 Tiberius
1532 983 1678 1024 rhetor

155 1038 233 1076 vol.
258 1038 295 1077 8.
323 1052 363 1091 p.
389 1048 485 1092 541.
513 1037 649 1078 citans
675 1038 714 1077 h.
741 1038 791 1078 l.:
830 1037 1035 1090 Σαφήνεια
1066 1039 1122 1088 δὴ,
1153 1038 1300 1091 inquit,
1325 1041 1454 1085 οὕτως,
1479 1040 1527 1081 ὡς
1555 1041 1598 1079 ἐν
1624 1043 1675 1094 τῷ

157 1096 251 1133 κατὰ
273 1093 604 1146 Ἀριστοκράτους·
639 1100 662 1116 “
685 1096 704 1133 ὁ
735 1096 807 1144 μὲν
838 1095 906 1134 τὸν
937 1097 1057 1146 νόμον
1087 1096 1205 1136 τιθεὶς
1236 1097 1366 1137 οὕτως·
1399 1097 1418 1135 ὁ
1451 1097 1493 1135 δὲ
1523 1096 1566 1135 τὸ
1597 1096 1676 1149 ψή-

155 1156 284 1202 φισμα
304 1150 469 1202 γράφων
490 1155 570 1193 πῶς
584 1151 621 1198 ;”
656 1151 893 1190 WEBER.

213 1208 307 1259 629,
335 1210 398 1246 16.
420 1209 440 1246 ὁ
464 1207 633 1247 κάτωθεν
656 1208 788 1260 νόμος]
818 1208 882 1247 Ι)6
904 1207 981 1247 hae
1008 1207 1217 1248 locutione
1242 1208 1375 1248 multa
1400 1213 1490 1249 tum
1512 1213 1673 1249 veteres

154 1268 243 1303 tum
266 1262 530 1312 recentiores,
556 1264 760 1318 Didymus
782 1264 936 1304 citatus
958 1265 1011 1304 ab
1037 1264 1291 1318 Harpocrat.
1314 1280 1344 1304 s.
1369 1279 1404 1304 v.
1428 1264 1477 1305 ‘O
1501 1265 1673 1305 κάτωθεν

156 1320 282 1370 νόμος,
307 1319 456 1359 Pollux
480 1322 516 1369 8,
547 1322 633 1360 128.
674 1321 817 1373 (Adde
850 1321 949 1360 Lex.
971 1321 1079 1360 rhet.
1106 1320 1146 1360 in
1174 1321 1308 1361 Bekk.
1332 1321 1492 1362 Anecd.
1514 1336 1553 1375 p.
1580 1324 1672 1375 269,

160 1377 242 1428 14.)
307 1376 518 1416 Meursius
546 1376 680 1417 Attic.
709 1378 830 1418 Iect.
860 1391 891 1425 1,
919 1389 984 1419 22.
1021 1377 1189 1417 Petitus
1222 1377 1309 1417 LL
1347 1378 1481 1418 Attic.
1511 1393 1551 1432 p.
1580 1391 1672 1426 104.

156 1431 383 1473 Salmasius
416 1433 467 1472 de
502 1433 562 1473 M.
588 1433 643 1473 U
680 1448 719 1487 p.
750 1435 829 1487 758
861 1434 1213 1487 sqq.Hera1dus
1254 1434 1478 1474 Animadv.
1511 1449 1554 1497 p.
1577 1438 1670 1486 298.

155 1488 255 1529 Una
276 1494 341 1529 est
369 1490 579 1530 sententia
607 1490 788 1554 Didymo
817 1495 860 1530 et
889 1489 1047 1530 Polluci
1077 1490 1318 1539 communis,
1342 1505 1467 1544 quam
1491 1490 1670 1544 primam

152 1545 350 1586 iefellam.
412 1546 515 1586 Cum
557 1547 738 1593 tabulae,
772 1546 813 1585 in
846 1546 995 1600 quibus
1036 1547 1147 1601 leges
1180 1551 1305 1587 erant
1335 1547 1584 1602 descriptae,
1616 1548 1670 1588 ab

150 1601 348 1656 acropoli,
387 1617 493 1656 quae
534 1603 649 1642 urbis
690 1607 782 1643 erat
821 1603 934 1643 locus
974 1603 1242 1650 editissimus,
1276 1603 1317 1642 in
1357 1605 1492 1643 forum
1533 1609 1674 1644 essent

153 1659 395 1705 t1anslatae,
436 1659 493 1711 (id
534 1659 719 1714 intelligo
760 1660 811 1699 de
846 1660 983 1714 legum
1018 1659 1244 1714 exemplari
1282 1660 1427 1713 facto,)
1461 1675 1552 1700 eam
1583 1675 1670 1700 16111

151 1720 305 1769 agente
341 1715 603 1769 potissimum
637 1716 834 1770 Ephialte
870 1717 1063 1771 quodam,
1102 1722 1149 1757 ut
1188 1717 1340 1770 populo
1376 1717 1537 1770 publice
1576 1732 1670 1771 pro-

151 1775 329 1821 starent,
365 1772 421 1812 ibi
459 1772 537 1812 dici
572 1773 799 1826 incipiebat
835 1775 854 1812 ὁ
897 1773 1067 1813 κάτωθεν
1108 1775 1236 1823 νόμος,
1272 1773 1474 1814 relatione
1515 1773 1671 1814 scilicet

152 1828 298 1868 habita
319 1829 373 1868 ad
394 1829 618 1883 exemplar,
642 1830 753 1882 quod
775 1834 866 1870 erat
888 1829 929 1868 in
951 1829 1041 1869 foro
1067 1834 1341 1870 asservatum.
1391 1830 1456 1870 Sit
1477 1830 1561 1870 ita:
1596 1831 1668 1870 sed

151 1884 229 1924 hoc
255 1899 337 1924 non
364 1900 489 1925 unam
515 1886 647 1940 legem
673 1887 727 1926 ab
753 1885 835 1926 alia
861 1885 1098 1940 distinguit,
1122 1900 1215 1925 cum
1243 1900 1385 1926 onmes
1414 1886 1605 1926 similiter
1627 1886 1667 1926 in

152 1941 286 1981 forum
315 1941 398 1981 sint
426 1942 673 1990 translatae,
697 1947 773 1982 aut
801 1957 942 1982 omnes
969 1942 1109 1996 potius
1140 1942 1330 1982 similiter
1361 1942 1401 1982 in
1430 1943 1584 1983 tabulis
1613 1943 1669 1983 ibi

151 1997 399 2051 descriptae.
464 1998 590 2038 Unde
626 1998 734 2038 enim
765 2003 839 2039 aut
873 2013 955 2052 qua
992 1999 1232 2039 constantia
1267 1999 1367 2039 haec
1399 1999 1465 2039 lex
1498 1999 1670 2053 inferior

150 2053 355 2094 nominari
386 2054 518 2108 possit
550 2054 689 2108 potius
721 2070 845 2108 quam
877 2055 958 2101 illa,
987 2070 1093 2109 quae
1123 2056 1247 2095 modo
1272 2061 1569 2110 praecesserat,
1593 2061 1669 2097 aut

151 2125 212 2159 ea,
237 2125 342 2163 quae
371 2125 468 2149 mox
499 2112 774 2151 subsecutura
804 2113 894 2152 est?
926 2112 1092 2152 Dicitur
1122 2112 1315 2159 secundo,
1339 2127 1413 2166 per
1444 2113 1519 2152 has
1548 2127 1668 2152 voces

151 2166 462 2221 intelligendam
483 2182 572 2207 esse
594 2168 825 2216 Heliaeam,
845 2168 1013 2216 curiam,
1029 2173 1076 2209 ut
1098 2168 1273 2216 videtur,
1297 2168 1337 2207 in
1359 2169 1448 2208 loeo
1471 2169 1668 2222 depresso

150 2223 287 2271 sitam,
315 2226 377 2263 διὰ
398 2224 441 2262 τὸ
464 2228 539 2263 τῶν
568 2226 822 2276 δικαστηρίων
850 2227 896 2264 τὰ
917 2226 989 2275 μὲν
1017 2226 1109 2271 ἄνω,
1135 2227 1182 2265 τὰ
1204 2227 1245 2265 δὲ
1268 2225 1367 2265 κάτω
1395 2225 1664 2276 ὀνομάζεσθαι.

153 2279 348 2320 Profecto
376 2279 417 2318 id
446 2294 527 2320 non
557 2281 666 2330 novi,
688 2295 821 2335 neque
849 2281 1033 2321 arbitror
1060 2296 1149 2321 esse
1175 2296 1331 2321 verum.
1393 2281 1513 2321 Solus
1536 2282 1667 2321 Areo-

150 2350 282 2390 pagus
311 2336 488 2390 quidem,
512 2342 659 2390 utpote
688 2337 728 2376 in
755 2337 958 2377 altissimo
987 2337 1088 2377 colle
1115 2337 1277 2387 situs,7‘]
1306 2338 1384 2377 ἄνω
1413 2338 1538 2387 βουλὴ
1561 2337 1667 2378 dice-

150 2393 288 2441 batur,
330 2397 377 2432 ut
417 2407 467 2432 ex
510 2393 738 2433 Plutarcho
780 2398 822 2433 et
865 2393 1095 2432 Heliodoro
1136 2392 1323 2433 ostendit
1366 2393 1574 2432 Meursius
1625 2394 1666 2433 in

153 2452 363 2502 Areopag.
397 2463 431 2488 c.
463 2463 492 2488 1.
526 2456 700 2489 extrem.
740 2449 814 2504 [εἰς
842 2448 1003 2500 ’Ἄρειον
1035 2450 1163 2501 πάγον
1195 2449 1489 2500 ἀναβεβηκέναι
1522 2449 1668 2503 Lysias

150 2520 188 2558 p.
223 2518 264 2555 17
271 2516 310 2559 5.
336 2505 398 2544 ed.
424 2505 547 2544 Lond
592 2506 614 2555 ἡ
641 2507 719 2545 ἄνω
748 2510 791 2545 et
820 2506 842 2555 ἡ
871 2505 968 2544 κάτω
997 2506 1124 2555 βουλὴ
1148 2505 1400 2545 Plutarchus
1428 2505 1468 2544 in
1499 2506 1663 2546 Solone.

151 2561 414 2601 TAYLOR.
449 2561 493 2600 ’ῖιι
522 2561 714 2614 &laedis-J
776 2561 1064 2601 Veruntamen
1096 2561 1129 2600 si
1156 2561 1294 2601 curiae
1322 2560 1494 2601 Atticae
1524 2577 1666 2602 omnes

150 2617 190 2656 in
212 2620 280 2659 τὰς
302 2619 380 2657 ἅνω
410 2617 500 2663 hae,
524 2617 616 2657 illae
643 2617 684 2656 in
713 2619 781 2658 τὰς
810 2617 909 2656 κάτω
931 2617 1294 2664 distribuerentur,
1317 2617 1537 2657 infeliciter
1567 2633 1666 2658 sane

149 2673 311 2727 elegisti
346 2673 576 2721 Heliaeam,
610 2687 734 2726 quam
767 2673 875 2713 inter
911 2673 1126 2713 inferiores
1160 2688 1364 2713 numeres.
1427 2673 1470 2713 Si
1506 2678 1664 2727 etymo-

150 2729 285 2783 logiae
306 2730 601 2783 magistrorum
624 2729 848 2783 quidquam
874 2729 1059 2769 habeant
1087 2729 1298 2778 momenti,
1322 2729 1362 2768 in
1389 2730 1562 2769 convalli
1589 2734 1665 2770 aut

149 2785 238 2825 loco
260 2786 518 2839 depressiore
540 2800 628 2826 esse
650 2800 731 2825 non
754 2785 905 2838 potuit.
972 2786 1104 2824 Immo
1126 2790 1217 2826 erat
1242 2785 1283 2824 in
1305 2786 1394 2825 loco
1423 2785 1663 2833 sublimiori,

150 2841 274 2895 idque
307 2856 501 2896 expresse
534 2842 594 2882 ait
630 2841 841 2895 Antipho:
879 2841 1120 2892 Φιλοκράτης
1156 2842 1289 2881 οὑτοσὶ
1324 2843 1477 2891 ἀναβὰς
1510 2843 1563 2883 εἰς
1596 2842 1665 2891 τὴν

149 2898 314 2947 ἡλιακήν
333 2898 512 2952 (corrige
527 2899 716 2949 ἡλιαίαν).
742 2903 784 2937 et
806 2897 978 2937 deinde:
1013 2899 1165 2947 ἀναβὰς
1186 2899 1262 2947 ἐγὼ
1285 2899 1337 2939 εἰς
1358 2898 1400 2936 τὸ
1419 2897 1665 2949 δικαστήριον

150 2958 227 2994 τοῖς
256 2954 383 2995 αὐτοῖς
415 2957 612 2996 δικασταῖς
643 2955 769 3003 ἔλεξα.
800 2969 839 3007 p.
869 2967 958 3007 143,
983 2967 1048 3007 39.
1072 2953 1170 2993 edit.
1196 2953 1340 3006 steph,
1404 2953 1575 3001 Verum,
1600 2953 1663 2993 his
