1997 3256
292 156 374 197 770
867 151 929 190 IN
964 150 1218 190 MIDIAM.

293 258 453 298 dicibus
498 261 574 303 est,
616 260 658 294 et
704 258 890 306 ἁμαρτεῖν
930 254 1193 294 scribendum
1244 267 1337 293 cum
1365 253 1534 293 Wolfio.
1612 252 1727 293 Conf.
1764 266 1803 305 p.

292 326 388 368 527,
409 324 471 366 15.

349 372 446 423 526,
472 369 536 407 26.
567 366 769 420 ἰδίᾳ-τὸν
790 364 944 419 ἀγῶνα]
979 365 1046 405 Sic
1078 365 1373 418 distinguendo
1407 363 1645 417 (commatis
1679 362 1807 416 signis

293 431 389 479 post
423 425 498 477 ἰδίᾳ
529 431 571 463 et
603 423 777 463 πεισθεὶς
805 427 847 462 et
878 421 1019 471 δήποτε
1050 426 1091 461 et
1124 422 1310 474 ἀργυρίῳ)
1342 421 1477 460 locum
1514 420 1685 474 planum
1716 418 1808 458 feei.

294 479 563 522 Constructio
588 479 714 518 haec:
749 477 969 528 φανήσεται,
998 478 1183 528 καθυφεὶς
1204 476 1270 516 τὸν
1293 478 1426 528 ἀγῶνα
1446 477 1619 516 πεισθεὶς
1641 475 1807 527 ἀργυρίῳ

293 539 425 589 ὁπόσῳ
449 536 602 585 δήποτε.
658 532 856 573 Constabit
883 547 968 572 eum
994 546 1172 573 caussamv
1191 532 1333 584 fecisse
1354 533 1514 572 missam
1536 538 1570 571 et
1591 530 1640 570 ab
1661 530 1812 569 actione

292 592 482 632 destitisse
498 591 594 638 ideo.
613 590 717 644 quod
736 595 823 629 esset
844 589 952 628 lucro
972 589 1029 628 acl
1048 589 1095 628 v‘id
1114 588 1310 628 adductus
1330 594 1623 642 qzcantocunque
1640 586 1810 625 tandem.

294 648 490 688 REISK.
550 647 664 686 Bene
686 645 790 685 vidit
811 645 881 698 qui
910 644 966 684 sit
992 645 1142 683 horum
1172 643 1490 697 participiorum
1521 656 1666 682 nexus
1730 640 1812 680 Sed

295 703 612 744 distinctionum
647 701 775 755 signis
805 700 923 742 abuti
960 715 1042 739 non
1075 701 1279 740 debebat:
1314 700 1541 753 vellemque
1569 698 1698 737 etiam
1730 697 1812 736 duo

295 760 365 800 illa
400 765 495 813 post
533 761 607 811 ἰδίᾳ
643 763 684 797 et
721 759 888 810 ἀργυρίῳ
926 756 1179 796 delevissem.
1235 758 1309 809 ἰδίᾳ
1347 755 1514 809 quidem
1553 753 1813 807 jungendum

295 815 425 869 priori
447 814 682 869 participio.
746 814 862 853 Idem
883 812 1200 865 participiorum
1220 826 1351 851 nexus
1372 826 1407 850 v.
1435 812 1498 850 28.
1541 808 1793 850 SCHAEF.

353 873 449 926 526,
475 872 541 909 28.
572 871 686 909 ταύτὸ
710 870 840 922 τοῦτο]
883 868 1104 922 Distingue
1135 872 1229 921 post
1262 871 1373 907 τοῦτο
1404 867 1484 906 hoc
1515 865 1664 904 modo:
1697 863 1814 903 ταύτὸ

298 931 420 974 τοῦτο,
446 928 520 979 ἰδίᾳ
541 925 835 974 διαλυσάμενος.
878 925 941 964 uti
966 940 1003 977 p.
1027 936 1123 978 524,
1150 935 1213 975 27.
1245 924 1306 963 καὶ
1327 922 1448 962 πάλιν
1470 939 1517 973 γε
1538 922 1606 960 τὸν
1627 922 1813 972 ἄρχοντα,

297 984 414 1022 ταύτὸ
435 985 560 1027 τοῦτο,
584 984 653 1020 ἐὰν
673 983 745 1031 μὲν
769 999 800 1020 κ.
823 998 855 1020 τ.
878 986 915 1019 λ.
964 980 1081 1020 ταύτὸ
1103 983 1228 1025 τοῦτο,
1252 979 1379 1018 eodem
1397 991 1561 1031 prorsus
1582 991 1698 1024 more,
1721 976 1817 1015 sub-

299 1038 513 1078 intellecto
539 1037 692 1076 scilicet
724 1039 831 1081 κατὰ,
856 1051 939 1075 non
961 1036 1006 1075 (Ze
1026 1050 1071 1074 ea
1092 1036 1181 1088 vvipsa
1202 1049 1253 1081 re.
1277 1040 1323 1073 ut
1341 1033 1523 1074 Wolfius
1548 1032 1654 1072 male
1676 1031 1815 1072 vertit.

303 1093 666 1133 MARKLAND.
730 1092 784 1130 V.
807 1092 861 1132 ad
883 1107 922 1144 p.
945 1105 1040 1145 524,
1068 1104 1131 1142 27.
1176 1090 1424 1131 SCHAEF.

357 1163 453 1204 527,
475 1163 508 1188 1.
533 1148 608 1187 οὐδ’
629 1147 835 1200 εἰσήγαγε]
875 1147 995 1197 Quod
1016 1147 1303 1187 thesmotheta
1323 1148 1492 1186 fecerat.
1532 1143 1785 1185 SCHAEF.

358 1217 454 1259 527,
481 1218 516 1243 2.
550 1202 727 1256 ἐκείνων]
764 1203 983 1257 Significat
1016 1203 1117 1251 illos,
1148 1202 1230 1255 qui.
1259 1217 1354 1242 cum
1387 1202 1589 1241 honorem
1623 1204 1817 1254 gerentes

302 1263 476 1302 verbera
503 1260 688 1313 aliasque
714 1259 984 1299 contumelias
1012 1258 1281 1312 accepissent.
1305 1258 1459 1298 inultas
1484 1271 1554 1297 eas
1582 1255 1819 1296 transmise-

303 1322 415 1357 runt.
458 1316 656 1356 REISK.
719 1315 952 1369 Ulpianus:
989 1315 1106 1354 αὐτὸν
1134 1315 1202 1353 τὸν
1232 1316 1400 1353 Μειδίαν
1433 1314 1619 1361 πεποίηκε
1655 1328 1817 1362 κατηγο·

303 1377 446 1424 ροῦντα
482 1375 548 1412 τοῦ
585 1371 773 1423 προέδρου
810 1371 871 1411 καὶ
906 1375 972 1410 τοῦ
1006 1370 1260 1420 θεσμοθέτου,
1296 1371 1354 1409 ὅτι
1390 1373 1469 1411 τοῖς
1504 1369 1718 1419 ὑβρίσασιν
1753 1368 1821 1407 οὐκ

305 1432 532 1478 ἐπεξῆλθον.

362 1497 415 1538 52
424 1497 458 1536 7.
479 1498 540 1523 10.
563 1482 763 1536 βιάζηται]
799 1482 985 1523 Subaudi
1011 1482 1156 1534 λέγειν.
1220 1480 1336 1522 Vobis
1358 1481 1496 1521 invitis
1516 1481 1551 1520 si
1571 1479 1822 1520 audientiam

305 1540 542 1593 sibifacz‘at.
586 1538 836 1579 SGHAEF.

364 1607 460 1650 527,
486 1609 547 1636 12.
582 1595 737 1635 ἐνέσται
769 1595 868 1648 αὐτῷ
900 1594 1037 1646 λόγος]
1079 1593 1301 1647 Euripides
1331 1593 1468 1647 Iphig.
1495 1592 1619 1632 Taur.
1644 1592 1739 1643 998.
1766 1592 1823 1633 τίς

308 1651 338 1691 δ’
364 1653 495 1691 ἔνεστί
521 1668 586 1701 μοι
616 1653 760 1701 λόγος,
806 1650 958 1690 Rarius
992 1655 1056 1690 est
1092 1651 1202 1703 quod
1239 1649 1403 1703 scripsit
1430 1648 1654 1702 Dionysius
1681 1646 1819 1687 Halic.

308 1707 385 1746 vol.
408 1721 447 1760 3.
470 1722 509 1760 p.
530 1719 634 1756 1402
660 1707 710 1746 R.
732 1711 893 1746 πολλῶν
917 1708 1084 1746 ἐνόντων
1110 1708 1172 1746 καὶ
1200 1707 1336 1746 ἄλλων
1359 1705 1562 1756 λέγεσθαι,
1586 1704 1609 1743 i.
1635 1718 1668 1743 e.
1691 1705 1824 1743 πολλὰ

310 1763 400 1802 ἐνὸν
424 1766 484 1802 καὶ
507 1764 613 1802 ἄλλα
634 1762 782 1813 λέγειν.
825 1762 1081 1802 SCHAEF.

372 1830 468 1872 527,
499 1832 559 1870 15.
595 1818 640 1868 νὴ
675 1818 771 1870 Δία]
826 1818 1023 1857 Formula
1064 1818 1130 1858 hic
1173 1818 1300 1858 etiam
1341 1817 1465 1856 index
1506 1821 1569 1856 est
1609 1817 1822 1867 ὑποφορᾶς.

312 1874 565 1914 SCHAEF.

367 1942 466 1984 527,
485 1943 548 1969 20.
571 1933 639 1969 τοῦ
660 1929 726 1983 μὴ]
761 1929 891 1969 Plena
913 1929 1070 1968 Oratio:
1103 1929 1146 1969 οὐ
1167 1931 1288 1979 μόνον
1311 1928 1430 1978 δήπου
1451 1931 1518 1967 τοῦ
1540 1928 1590 1977 μὴ
1611 1927 1692 1977 μετ’
1709 1928 1827 1977 ὀργῆς

311 1991 431 2024 ταυτα
460 1986 644 2036 πράττειν
670 1985 822 2038 ἀπέχει.
885 1985 1148 2038 Thucydides
1171 1995 1208 2039 5,
1236 1996 1298 2038 25.
1330 1984 1551 2035 ἀπέσχοντο
1582 1984 1632 2033 μὴ
1665 1983 1727 2022 ἐπὶ
1757 1983 1827 2031 τὴν

313 2042 504 2091 ἑκατέρων
520 2044 593 2091 γῆν
611 2045 859 2090 στρατεῦσαι.
903 2041 981 2090 Qui
1004 2042 1117 2080 locus
1138 2041 1327 2094 geminus
1348 2039 1660 2092 simillimusque
1681 2042 1827 2077 nostro

312 2098 432 2143 foret,
457 2096 490 2135 si
515 2097 556 2134 H
563 2096 771 2143 istoricus,
789 2096 831 2135 id
848 2097 957 2148 quod
980 2096 1166 2143 licuerat.
1190 2096 1247 2136 sic
1269 2095 1503 2149 scripsisset-
1521 2111 1528 2134 :
1560 2095 1740 2146 ἀπέσχον
1759 2097 1828 2133 τοῦ

312 2152 667 2202 ,αὴ-στρατεῦσαι.
714 2152 964 2191 SCHAEF.

370 2218 465 2260 527,
492 2219 555 2245 22.
579 2208 685 2245 ἀλλὰ
706 2207 796 2260 μὴν]
835 2206 1079 2247 Transitum
1099 2207 1212 2247 facit.
1266 2207 1319 2246 V.
1342 2207 1395 2246 ad
1420 2206 1591 2259 Dionys.
1615 2204 1753 2244 Halic.
1777 2205 1829 2244 de

316 2261 501 2357 (53ὸὲΗὲ
523 2274 612 2355 11:234.
674 2262 836 2302 Eadem
862 2262 921 2301 vis
955 2268 1019 2303 est
1049 2263 1251 2302 formulae
1287 2263 1349 2302 καὶ
1378 2262 1557 2313 μὴν-γε
1580 2276 1619 2314 p.
1642 2272 1737 2314 532,
1762 2263 1826 2299 16.

372 2375 467 2426 528,
491 2384 529 2426 5.
555 2374 602 2412 ἄν
625 2372 656 2412 θ’
677 2375 773 2412 ἑκὼν
796 2375 844 2413 ἄν
865 2374 896 2412 ‘r'
915 2374 1032 2427 ἄκων]
1069 2374 1252 2413 Subaud.
1277 2374 1410 2427 δράσῃ.

373 2430 468 2482 528,
493 2432 530 2468 6.
560 2428 710 2482 θανάτῳ
734 2430 795 2468 καὶ
818 2429 1018 2483 ἀειφυγίᾳ]
1057 2429 1151 2468 Non
1179 2429 1457 2469 necessarium
1488 2442 1578 2468 esse
1610 2428 1829 2468 emendare

315 2482 345 2541 ἢζ
370 2485 552 2536 ἀειφυγίᾳ
587 2484 772 2523 Meierus
804 2485 925 2524 docet
957 2485 1007 2524 de
1038 2485 1158 2524 bonis
1189 2485 1326 2524 damn.
1361 2500 1399 2538 p.
1430 2498 1495 2525 20.
1525 2484 1636 2524 aliud
1667 2497 1831 2536 quoque

319 2539 614 2578 Demosthenis
643 2539 875 2592 exemplum
896 2540 1073 2580 afferens
1095 2555 1129 2580 c.
1152 2540 1360 2580 Aristocr.
1382 2555 1422 2593 p.
1447 2542 1544 2593 634,
1569 2552 1632 2592 29.
1656 2540 1742 2580 τοὺς
1764 2541 1830 2578 ἇν-

318 2596 532 2645 ὃροφόνους
555 2597 697 2643 ἐξεῖναι
719 2596 961 2635 ἀποκτείνειν
983 2597 1045 2635 καὶ
1067 2596 1244 2647 ἀπάγειν.
1287 2596 1511 2635 BUTTM.

374 2652 517 2702 528‚7.
532 2651 620 2691 τοὺς
637 2649 917 2704 δ’-ἠξίωσαν]
937 2651 1082 2691 Citant
1097 2651 1255 2691 Anecd.
1267 2651 1444 2704 Bekk.p.
1456 2653 1551 2703 361.
1576 2649 1829 2689 SCHAEF.

375 2704 481 2758 τοὺς]
506 2709 571 2744 τοῦ
595 2706 752 2744 Anecd.
778 2706 910 2746 Bekk.
949 2706 1200 2746 SCHAEF.

375 2762 473 2812 528,
497 2761 532 2798 8.
568 2761 771 2813 αἰδέσεως]
816 2764 961 2803 αἵὸεσις
994 2761 1174 2815 explicat
1208 2761 1404 2800 Reiskius
1439 2761 1480 2799 in
1512 2774 1663 2814 genere
1696 2759 1830 2798 ‘indul-

315 2816 461 2867 pontia,
493 2816 750 2864 conniventia„
780 2817 1074 2864 commiseratio,
1105 2832 1198 2856 cum
1231 2817 1284 2856 sit
1319 2816 1488 2869 species.
1537 2822 1560 2837 ‘⁸
1578 2815 1688 2868 Lege
1721 2815 1830 2854 enim

319 2869 471 2909 licebat
504 2870 642 2909 caedis
674 2885 757 2910 non
778 2871 1038 2912 voluntariae
1068 2872 1222 2911 crimen
1250 2872 1435 2919 evadere,
1460 2871 1494 2910 si
1527 2871 1575 2918 is,
1600 2870 1669 2923 qui
1693 2871 1830 2910 caedis

320 2938 415 2963 reus
437 2930 539 2973 erat,
564 2927 770 2977 quendam
792 2941 842 2966 ex
865 2927 1182 2981 consanguineis
1211 2927 1402 2981 precibus
1424 2940 1597 2966 exorare
1623 2925 1830 2980 potuisset
