1997 3256
319 141 401 182 992
638 142 965 182 ADVERSUS
1003 141 1513 182 ARISTOORATEM.

319 243 477 283 factum
509 249 584 291 est,
612 249 824 284 crescente
853 244 1050 285 libertate
1082 245 1360 287 immoderata
1390 261 1438 287 ac
1471 246 1640 287 licentia
1670 246 1830 287 concio—

319 314 429 348 num,
453 305 500 340 ut
520 301 652 340 multa
673 300 789 354 plebs
811 301 1019 350 scisceret,
1042 317 1150 355 quae
1179 301 1340 356 legibus
1370 308 1654 357 repugnarent
1682 303 1830 343 multa-

319 370 399 409 que
420 362 690 396 nascerentur
710 357 997 410 psephismata
1024 373 1049 397 a
1076 358 1234 412 legibus
1259 359 1405 399 aliena.
1467 359 1554 399 Nec
1582 364 1723 400 tamen
1751 359 1831 413 legi

319 411 375 450 illi
399 412 624 466 quidquam
646 413 696 452 de
717 413 973 453 auctoritate
1002 428 1075 454 sua
1097 415 1334 455 detractum
1355 420 1444 462 est3
1479 416 1557 455 etsi
1586 415 1694 455 enim
1721 416 1831 470 leges

319 467 394 507 sibi
436 468 609 508 invicem
650 473 693 508 et
732 469 941 509 veteribus
982 471 1217 510 contrariae
1258 471 1383 511 datae
1424 477 1521 511 sunt
1563 471 1831 526 ipsarumque

318 524 550 564 auctoritas
581 524 848 565 multitudine
884 526 1213 579 psephismatum
1245 528 1494 580 perturbata
1518 528 1580 567 vel
1613 527 1831 568 imminuta

317 585 393 623 est,
427 585 567 620 tamen
597 581 770 635 quisque
804 596 825 621 e
857 581 1013 621 civibus
1045 587 1213 636 poterat
1244 597 1351 630 eum,
1380 583 1449 636 qui
1480 583 1707 634 παράνομον
1733 583 1831 637 quid

317 642 551 690 rogaverat,
576 637 616 676 in
644 637 714 690 jus
736 652 882 678 vocare
913 644 953 678 et
986 644 1242 692 potestatem
1272 639 1408 693 legum
1429 639 1677 680 violatarum
1708 640 1829 688 tueri,

318 693 430 745 quod
453 693 680 747 Euthycles
708 694 748 732 in
780 694 857 734 hac
883 695 1071 735 oratione
1093 709 1170 748 ope
1194 695 1488 736 Demosthenis
1513 696 1712 736 adversus
1735 696 1831 735 Ari-

317 754 545 789 stocraten]
579 749 772 803 suscepit.
835 751 954 801 Quod
988 751 1020 790 si
1054 766 1135 791 non
1169 752 1310 799 fiebat,
1335 757 1410 792 aut
1442 752 1488 799 si,
1520 766 1645 805 quum
1673 752 1831 792 factum

317 810 438 853 esset,
462 811 682 845 accusator
702 820 891 847 caussam
914 822 1030 847 suam
1053 808 1287 856 deserebat,
1307 813 1397 848 tum
1419 808 1531 856 illud,
1551 808 1661 862 quod
1683 813 1831 848 contra

316 860 426 914 leges
462 867 565 908 erat,
598 867 686 902 tam
721 862 790 901 diu
817 863 995 911 valebat,
1026 864 1155 903 donec
1192 865 1232 903 in
1265 864 1423 917 judicio
1459 865 1750 918 impugnatum
1787 869 1831 904 et

316 917 568 970 abrogatum
590 923 723 958 esset:
758 918 809 958 de
832 934 913 972 qua
941 934 985 958 re
1010 926 1206 961 accurate
1228 921 1369 961 docuit
1391 921 1420 960 J
1425 935 1547 961 oann.
1571 920 1712 960 Dider.
1737 920 1830 960 Rie-

316 987 454 1012 merus
482 973 522 1012 in
546 973 708 1013 dissert.
731 974 781 1013 de
803 975 880 1014 hac
902 980 1007 1015 orat.
1030 991 1068 1029 p.
1094 988 1158 1027 70.
1221 977 1398 1017 Praeter
1420 977 1528 1016 hunc
1557 977 1608 1016 de
1636 977 1714 1016 hac
1741 977 1831 1031 lege

316 1028 572 1082 scripserunt
595 1030 760 1070 Petitus
786 1031 883 1085 Leg.
903 1032 1034 1071 Attic.
1054 1046 1092 1085 p.
1114 1046 1218 1086 ¹992
1244 1033 1288 1073 C.
1306 1033 1354 1072 F.
1372 1033 1642 1073 Hermannus
1664 1033 1714 1072 de
1737 1033 1831 1086 jure

316 1090 359 1124 et
395 1085 649 1126 auctoritate
689 1086 1014 1140 magistratuum
1050 1089 1161 1141 apud
1196 1089 1475 1129 Athenienses
1506 1104 1544 1143 p.
1570 1103 1623 1140 4.,
1657 1103 1831 1142 eamque

316 1141 452 1181 obiter
485 1142 721 1196 attigerunt-
751 1143 1062 1183 Schoemannus
1094 1145 1144 1184 de
1176 1145 1354 1185 comitiis
1375 1160 1414 1199 p.
1437 1149 1542 1193 167.,
1572 1145 1758 1185 Meierus
1780 1146 1832 1185 de

316 1197 389 1237 lite
412 1198 507 1237 Att.
531 1213 572 1251 p.
597 1201 689 1251 283.
727 1199 961 1239 WEBER.

373 1256 467 1307 649,
496 1266 557 1293 22.
595 1256 707 1294 Πάνυ
739 1255 978 1306 μικρὸν-Π)
1006 1256 1214 1310 ψήφισμα]
1257 1258 1324 1296 Ex
1355 1257 1419 1296 his
1449 1256 1585 1297 verbis
1619 1256 1831 1297 Aristides

315 1309 392 1348 vol.
417 1326 454 1359 t).
477 1325 515 1364 p.
537 1313 634 1363 376.
666 1311 777 1365 cepit
805 1312 1100 1352 documentum
1131 1316 1196 1362 τῆς
1228 1315 1483 1363 ἀξιοπιστίας,
1516 1327 1623 1367 quae
1654 1313 1703 1353 fit
1735 1317 1831 1354 κατὰ

317 1367 483 1416 γνώμην,
522 1366 727 1419 siquidem
763 1372 973 1408 oratorem
1015 1370 1328 1422 praemuniente
1364 1369 1553 1409 oratione
1595 1369 1831 1423 significare

315 1421 428 1469 dicit,
452 1437 641 1462 caussam
663 1438 779 1463 suam
798 1424 957 1476 justam
979 1439 1068 1465 esse
1090 1430 1131 1465 et-
1152 1426 1313 1465 facilem
1335 1427 1529 1479 probatu.
1575 1425 1809 1465 WEBER.

372 1481 467 1531 650,
492 1492 550 1531 ¹3-
581 1480 722 1532 φησὶν]
766 1480 1066 1534 Unusquisque
1102 1496 1245 1521 eorum
1278 1482 1347 1535 qui
1379 1482 1582 1536 ejusmodi.
1613 1482 1831 1535 plebiscita

315 1534 583 1587 scripserunt.
622 1535 851 1575 WEBER.

373 1592 467 1644 650,
487 1604 550 1643 23.
575 1591 697 1645 τοῦθ’]
734 1592 766 1632 I.
785 1607 818 1632 e.
841 1593 884 1632 τὸ
907 1593 1114 1633 δεδωκέναι
1135 1594 1204 1643 τὴν
1227 1595 1430 1634 πολιτείαν
1452 1594 1671 1647 Χαριδήμῳ,
1714 1595 1832 1648 quasi

303 1647 376 1699 jus
404 1646 578 1686 civitatis
603 1648 839 1688 C'lmriclemo
861 1649 1008 1688 dedisse
1031 1649 1132 1689 cobis
1153 1651 1203 1689 sit
1226 1651 1425 1702 ἀγαπητόν
1447 1668 1492 1696 τι,
1517 1656 1560 1690 ut
1579 1650 1674 1690 adeo
1696 1649 1831 1691 debea-

315 1703 364 1742 tis
381 1703 559 1755 qratiam
587 1704 659 1751 illi,
683 1705 754 1757 qui
775 1706 952 1758 accipere
973 1705 1161 1759 (liquatus
1183 1707 1247 1746 sit.
1291 1706 1542 1747 SGHAEF.

373 1761 550 1812 651,13.
574 1761 718 1813 οἴομαι]
760 1761 950 1800 Secundo
985 1762 1075 1801 loco
1112 1762 1255 1815 objicit
1289 1763 1341 1804 id.
1376 1763 1487 1816 quod
1519 1762 1828 1803 Aristocratem

315 1814 525 1854 dicturum
553 1822 687 1869 putat,
712 1816 877 1856 irritum
908 1832 997 1857 esse
1025 1818 1262 1872 psephisma
1277 1835 1287 1866 3
1319 1833 1415 1858 nam
1445 1819 1487 1858 id
1512 1833 1601 1858 esse
1629 1833 1655 1858 a
1680 1824 1829 1859 senatu

316 1871 639 1925 quingentorum
676 1873 899 1926 probatum
936 1880 978 1914 et
1012 1880 1182 1915 senatus
1219 1875 1409 1915 consulta
1441 1889 1462 1914 e
1495 1875 1596 1929 legis
1628 1875 1830 1928 praescri-

314 1927 457 1979 ptione
478 1942 633 1967 annum
651 1928 814 1969 durare.
865 1929 983 1980 Quod
1003 1945 1129 1983 quum
1152 1946 1304 1985 negare
1325 1936 1547 1971 accusator
1568 1945 1649 1970 non
1671 1938 1825 1984 posset,

315 1983 386 2021 sed
409 1984 635 2024 concedere
657 1985 840 2033 deberet,
865 1988 1009 2026 ἄλυτον
1030 1987 1099 2036 τὴν
1121 1989 1320 2027 ἀντίθεσιν
1342 1987 1441 2027 sinit
1466 2002 1567 2035 esse,
1590 1993 1717 2040 atque
1748 1987 1828 2027 hoc

314 2039 537 2092 praecipue
559 2041 847 2081 demonstrare
869 2043 1022 2089 studet,
1046 2043 1285 2097 psephisma
1305 2043 1445 2083 animo
1467 2043 1509 2082 in
1530 2043 1830 2096 rempublicam

315 2094 480 2134 inimico
502 2096 659 2136 factum
682 2112 771 2136 esse
793 2099 963 2151 ejusque
994 2099 1219 2151 rejectione
1247 2100 1475 2139 cavendum
1497 2114 1548 2139 ne
1569 2099 1637 2140 alii
1661 2113 1711 2138 ex
1734 2099 1831 2139 Ari-

315 2156 500 2190 stocrate
535 2151 609 2191 sibi
644 2158 854 2193 sumentes
875 2155 1107 2207 exemplum
1134 2155 1283 2195 similia
1315 2155 1510 2210 scripturi
1537 2156 1632 2196 sint.
1696 2155 1829 2195 Istam

315 2207 557 2246 confutandi
586 2208 791 2248 rationem
819 2210 1008 2263 magistri
1031 2211 1192 2250 (licendi
1217 2213 1424 2261 ἐπιδρομὴν
1446 2212 1590 2251 dicunt
1612 2211 1673 2251 vel
1699 2211 1827 2251 etiam

315 2264 579 2314 συγχώρησιν,
605 2264 654 2303 de
677 2265 824 2317 quibus
847 2266 926 2305 vid.
952 2266 1120 2306 Ernesti
1152 2267 1269 2306 lexic.
1293 2267 1450 2307 rhetor.
1473 2282 1502 2307 s.
1526 2268 1590 2307 his
1612 2282 1688 2315 vv„
1719 2282 1829 2307 eam—

316 2332 395 2371 que
427 2319 571 2373 attigit
606 2321 817 2361 Maximus
848 2323 960 2375 apud
981 2322 1191 2362 Walzium
1210 2323 1287 2363 vol.
1310 2335 1347 2377 5.
1373 2339 1412 2377 p.
1434 2324 1530 2376 586.
1555 2324 1663 2363 hunc
1694 2323 1827 2363 locum

314 2375 519 2426 probandi
549 2390 697 2416 caussa
725 2377 914 2417 afferens.
975 2379 1264 2419 Aristocrates
1289 2393 1349 2427 eO,
1373 2380 1483 2433 quod
1509 2380 1544 2419 ei
1567 2379 1704 2419 dicere
1735 2379 1828 2419 lice-

315 2430 401 2475 bat,
425 2431 590 2470 irritum
615 2447 706 2472 esse
734 2434 983 2487 psephisma,
1002 2435 1162 2488 judices
1185 2435 1374 2489 decipere
1400 2440 1569 2489 poterat
1597 2440 1641 2475 et
1669 2436 1830 2475 efficere

316 2491 360 2525 ut
385 2486 435 2525 de
457 2501 501 2526 re
523 2488 610 2540 ejus
631 2489 778 2529 leviter
799 2504 993 2543 expensa,
1017 2506 1141 2544 quan]
1164 2491 1330 2544 quidem
1352 2491 1513 2532 civitat-i
1542 2506 1624 2531 non
1649 2491 1827 2545 amplius

316 2542 482 2582 noxiam
513 2558 602 2584 esse
631 2545 915 2598 opinarentur,
942 2562 1140 2600 prospere
1169 2547 1432 2588 deciderent:
1467 2548 1578 2601 quod
1606 2547 1639 2587 si
1668 2547 1703 2587 ei
1732 2561 1827 2586 con-

315 2597 484 2651 tigerat,
508 2600 743 2652 proximum
764 2607 855 2642 erat
878 2607 925 2642 ut
952 2603 1055 2657 legis
1084 2618 1273 2657 poenam,
1298 2618 1403 2657 quae
1428 2604 1468 2643 in
1496 2604 1604 2644 male
1632 2608 1826 2657 rogatum

315 2654 552 2706 psephisma
574 2662 859 2710 usurparetur,
883 2658 1093 2713 effugeret.
1157 2660 1318 2700 Idcirco
1341 2659 1513 2713 opponit
1535 2664 1693 2707 orator,
1715 2660 1826 2712 quod

316 2709 371 2749 sit
406 2711 644 2764 psephisma
678 2713 855 2761 irritum,
888 2714 929 2753 id
966 2715 1158 2768 scriptori
1193 2716 1281 2769 ejus
1314 2730 1394 2754 non
1432 2730 1552 2769 posse
1586 2715 1687 2754 utile
1723 2729 1823 2763 esse,

316 2780 441 2817 quum
468 2766 555 2819 ipse
584 2782 656 2808 sua
685 2769 978 2810 intercessione
1000 2785 1087 2810 rem
1116 2771 1195 2810 huc
1218 2771 1449 2819 deduxerit,
1473 2777 1520 2811 ut
1550 2771 1649 2810 illud
1677 2770 1826 2810 nullius

315 2827 425 2861 esset
450 2823 625 2875 amplius
654 2825 932 2874 auctoritatis,
957 2826 1023 2865 ille
1051 2832 1192 2867 autem
1221 2827 1262 2866 id
1291 2827 1582 2880 composuerit,
1604 2841 1685 2866 non
1708 2831 1754 2866 ut
1777 2841 1825 2866 eo

314 2876 434 2916 irrito
464 2878 564 2917 nihil
596 2879 755 2921 civitati
787 2882 906 2922 fieret
937 2882 1197 2931 incommodi,
1224 2883 1296 2922 sed
1327 2887 1375 2922 ut
1403 2882 1587 2936 deceptis
1614 2882 1825 2936 judicibus

315 2932 482 2984 quidam
504 2948 565 2979 ea,
592 2950 696 2987 quae
718 2951 809 2976 cum
830 2938 1005 2990 publicis
1027 2939 1281 2978 utilitatibus
1302 2943 1502 2991 pugnant.
1526 2952 1822 2991 consequeren—
