1997 3256
514 147 842 187 ADVERSUS
884 148 1402 188 ARISTOCARTEM.
1636 149 1715 189 951

201 261 244 297 et
266 255 478 296 Dodwello
500 255 541 294 in
563 254 833 308 chronologia.
856 254 1168 307 Xenophontea
1190 254 1313 293 fidem
1335 253 1548 293 habemus.
1596 253 1719 292 Devi-

199 311 256 351 cit
278 311 481 352 Chabrias
506 310 657 357 Polum,
679 311 824 350 ducem
854 310 997 350 elassis
1030 310 1277 362 Spartanae,
1301 309 1341 348 in
1372 308 1527 362 proelio
1549 308 1719 361 adjutus

198 382 224 407 a
246 367 458 407 Phocione
479 366 755 407 adolescente.
821 367 924 405 Rem
947 366 1112 418 copiose
1133 370 1302 405 enarrat
1329 365 1537 403 Diodorus
1566 375 1626 417 15,
1649 377 1716 416 34.

197 436 266 475 35.
299 423 422 462 Adde
446 423 718 476 Xenophont.
744 421 945 461 1101101110.
968 434 1006 475 5,
1030 436 1068 472 4,
1092 423 1158 460 61.
1198 421 1470 460 Demostheu.
1492 434 1526 459 c.
1555 419 1717 473 Leptin.

198 492 237 531 p.
259 480 356 528 480.
418 479 629 518 Plutarch.
655 479 725 518 vit.
755 477 951 517 Phocion.
975 480 1014 516 6.
1073 476 1232 517 Camill.
1257 490 1317 526 io.
1342 477 1392 515 de
1413 476 1515 529 glor.
1540 475 1719 515 Atheni-

198 548 284 574 ens.
308 547 344 579 7.
388 535 585 587 Polyaen.
607 547 645 586 3.
677 548 684 571 1
707 548 736 578 ι,
767 547 826 572 11.
881 533 1022 572 Aliam
1043 538 1277 585 temporum
1307 532 1512 571 rationem
1537 531 1719 584 (Olymp.

204 603 294 637 1007
317 593 376 637 4.)
411 590 630 630 constituit
661 589 894 629 Boeckliius
922 589 945 628 l.
969 603 1002 628 c.
1035 604 1073 642 p.
1098 589 1163 627 80.
1199 587 1432 627 WEBER.
1495 587 1611 627 Conf.
1636 586 1719 626 Sie-

198 660 305 685 vers.
331 646 444 686 Hist.
471 647 543 686 Gr.
568 662 605 700 p.
632 659 714 686 220
737 660 850 698 seqq.

256 703 354 748 686,
379 716 443 754 25.
467 707 551 744 ταῖς
572 700 832 754 ὑπερβολαῖς]
858 701 912 738 V.
938 700 989 739 ad
1014 715 1053 753 p.
1080 712 1176 753 500„
1203 712 1262 738 10.

256 759 351 806 686,
377 761 441 798 26.
474 761 674 799 πολιτικὰς
705 755 868 809 δωρεὰς]
892 755 1059 795 Civibus
1092 755 1180 794 dati
1213 755 1391 793 honores
1423 759 1544 794 erant
1576 757 1719 793 statua

197 828 340 863 aenea,
374 828 541 861 corona,
574 812 831 857 immunitas,
862 811 994 851 victus
1029 810 1258 863 I‘rytanei3
1303 809 1508 863 peregrini
1545 809 1718 862 accipie-

198 870 303 910 bant
330 870 551 924 praecipue
580 869 807 913 civitatem,
831 867 1151 911 immunitatem,
1175 880 1474 919 nonnunquam
1499 865 1627 905 etiam
1649 879 1718 904 no—

197 939 291 965 men
315 926 531 977 εὐεργέτου.
567 925 808 964 WEBER.

254 983 435 1034 τε-καὶ]
475 981 557 1020 Hic
588 995 752 1035 quoque
782 979 843 1019 ita
878 979 1074 1027 vinciunt,
1107 984 1155 1018 ut
1185 977 1305 1018 simul
1342 978 1524 1017 serviant
1555 991 1718 1030 compa-

198 1038 341 1077 rando.
405 1037 456 1076 V.
481 1038 573 1076 Ind.
604 1037 658 1076 ad
690 1036 839 1088 Odyss.
871 1050 910 1088 p.
941 1038 1029 1088 183.
1062 1039 1105 1074 et
1134 1040 1218 1074 not.
1249 1034 1302 1073 ad
1334 1049 1372 1087 p.
1394 1046 1494 1086 540,
1519 1035 1555 1072 8.
1618 1033 1719 1086 Epi-

196 1107 386 1146 gramma
408 1108 474 1146 ap.
502 1093 714 1132 Plutarch.
737 1092 792 1132 V.
816 1091 966 1144 Pyrrhi
989 1106 1022 1130 c.
1049 1092 1112 1129 26.
1134 1091 1316 1142 αἰχμηταὶ
1342 1091 1404 1129 καὶ
1427 1094 1496 1129 νῦν
1518 1090 1579 1128 καὶ
1600 1088 1720 1140 πάρος

199 1150 388 1189 Αἰακίδαι.
420 1163 525 1188 nunc
545 1156 587 1188 ut
609 1149 711 1188 olim.
747 1147 993 1187 SCHAEF.

255 1205 350 1252 686,
376 1217 440 1255 27.
467 1205 670 1244 Deleatur
690 1218 851 1243 connna
872 1207 969 1256 post
992 1204 1187 1242 ἐδίδοσαν.

255 1262 351 1310 687,
383 1275 412 1300 Ι.
445 1262 551 1300 δόντι
581 1261 677 1310 πρὸς
709 1260 775 1298 τὸν
807 1258 863 1298 ἐπ’
890 1259 1023 1297 Ἠιόνι
1052 1261 1097 1307 τῇ
1130 1258 1224 1307 πρὸς
1249 1256 1490 1307 Ἀμφιπόλει
1521 1255 1716 1308 πόλεμον]

198 1316 310 1355 Eion
346 1317 400 1356 ad
438 1317 702 1369 Strymonem
739 1314 908 1353 fluvium
945 1314 1039 1360 sita,
1077 1312 1222 1366 viginti
1261 1312 1441 1365 quinque
1481 1311 1628 1351 stadiis
1664 1312 1717 1351 ab

199 1372 442 1425 Amphipoli
472 1376 635 1411 remota
663 1371 833 1423 ejusque
862 1374 1010 1422 portus
1038 1373 1141 1408 erat.
1206 1368 1302 1407 Alia
1328 1368 1513 1421 ejusdem
1541 1367 1719 1406 nominis

197 1429 251 1467 ad
275 1427 456 1467 Pieriam
478 1427 729 1480 pertinebat.
763 1427 817 1464 W
827 1426 1007 1464 EBER.
1068 1425 1303 1463 Referenda
1331 1431 1472 1463 autem
1495 1423 1598 1463 haec
1622 1427 1719 1462 sunt

197 1484 250 1522 ad
280 1483 590 1536 expeditionem
613 1482 774 1535 Olymp.
801 1483 867 1530 76(
896 1495 925 1520 1.
950 1484 1200 1533 suseel.)tam‚
1224 1480 1275 1518 de
1304 1494 1383 1531 111111
1408 1494 1443 1518 v.
1469 1479 1655 1531 Thucyd.
1685 1492 1717 1525 1,

198 1541 264 1590 98.
330 1539 500 1578 1)101101·.
538 1553 594 1581 11,
629 1541 694 1577 60.
773 1538 893 1588 Quod
934 1535 1233 1577 animadvertit
1269 1534 1639 1575 Weissenbornius
1675 1534 1717 1573 in

199 1595 361 1635 Hellen.
385 1610 424 1648 p.
455 1608 544 1644 14¹·
586 1594 826 1633 WEBER.

255 1651 350 1702 687,
377 1664 411 1690 2.
435 1651 663 1701 πενέσταις]
692 1648 1007 1702 Harpocration
1030 1663 1060 1688 s.
1084 1649 1123 1686 h.
1146 1662 1181 1686 v.

255 1707 350 1758 687,
372 1720 412 1756 4.
436 1706 658 1758 πολιτείαν]
688 1706 755 1745 οὐκ
785 1706 1037 1755 ἐψηφίσαντο
1065 1704 1280 1749 πολιτείαν,
1304 1701 1394 1742 ἀλλ’
1418 1702 1601 1741 ἀτέλειαν
1629 1703 1718 1741 ἔδω-

198 1779 269 1801 καν
289 1764 411 1811 μόνον
432 1777 471 1815 p.
505 1774 592 1813 173,
616 1763 654 1800 6.
718 1762 835 1811 Quae
861 1759 1143 1812 discrepantia
1164 1759 1383 1811 utriusque
1411 1757 1486 1796 loci
1510 1758 1717 1810 quomodo

197 1817 444 1870 explicanda
472 1817 527 1856 sit
556 1817 679 1856 docet
709 1817 757 1855 F.
784 1817 836 1855 A.
863 1815 1044 1854 Wolfius
1072 1815 1113 1853 in
1144 1815 1432 1867 Prolegomen.
1458 1813 1512 1853 ad
1547 1813 1712 1866 Leptin.

197 1888 235 1926 p.
264 1884 328 1925 74.
358 1874 600 1912 WEBER.

254 1929 349 1981 687,
367 1941 406 1982 5.
431 1928 568 1981 πάλιν]
591 1930 759 1975 Rursus,
774 1942 910 1981 porro,
930 1927 1016 1966 sine
1038 1925 1237 1978 temporis
1259 1924 1572 1979 significatione,
1591 1939 1716 1977 quam

198 1985 335 2038 posito
356 1986 546 2034 πρότερον
567 1986 701 2023 τούτου
723 1983 865 2023 intulit
887 1983 1062 2022 alterius
1083 1980 1285 2022 orationis
1308 1981 1488 2034 scriptor
1508 1995 1546 2033 p.
1568 1992 1660 2033 173,
1677 1993 1712 2031 7.

257 2040 465 2092 Περδίκκᾳ]
511 2040 717 2078 Memoria
759 2039 797 2078 h.
842 2039 866 2078 l.
911 2044 1122 2078 oratorem
1162 2037 1319 2082 fefellit,
1364 2040 1430 2088 (nt
1481 2036 1717 2076 observavit

198 2096 392 2135 Reiskius
421 2096 462 2134 in
493 2095 635 2134 11111100,
664 2095 810 2134 histor.
839 2110 870 2134 s
897 2109 932 2133 v.
962 2094 1200 2141 Perdiccas)
1225 2093 1334 2145 quod
1358 2107 1463 2145 quae
1486 2092 1717 2132 Alexandri

197 2152 330 2205 patris
361 2157 473 2198 sunt,
502 2151 586 2190 filio
616 2151 838 2190 Perdiccae
870 2163 905 2190 2.
939 2150 1099 2193 tribuit,
1130 2149 1212 2202 qui7
1246 2149 1392 2187 Xerxe
1422 2148 1464 2187 in
1495 2148 1716 2188 Graeciam

197 2208 431 2254 invadente⁷
455 2212 530 2247 aut
558 2207 740 2246 nondum
769 2211 893 2246 natus
923 2211 996 2245 aut
1019 2220 1101 2244 non
1128 2205 1355 2244 multorum
1377 2218 1581 2244 annorum
1610 2210 1713 2243 erat.

199 2264 277 2314 Qui
300 2278 416 2302 error
437 2278 485 2303 eo
507 2264 718 2316 profectus
740 2263 917 2309 videtur,
941 2262 1052 2314 quod
1075 2261 1309 2307 Perdiccas,
1332 2261 1457 2299 rebus
1477 2259 1574 2299 belli
1599 2259 1717 2299 Pelo-

198 2318 434 2373 ponnesiaci
471 2318 612 2358 multis
653 2318 787 2357 modis
828 2318 1024 2371 illigatus,
1059 2321 1102 2356 et
1138 2316 1279 2355 notior
1317 2321 1429 2355 esset
1465 2315 1638 2355 Graecis
1673 2321 1718 2355 et

197 2376 330 2428 magis
361 2375 401 2413 in
433 2380 572 2414 mente
603 2374 783 2414 oratoris
814 2374 1007 2412 haereret
1039 2386 1164 2424 quam
1192 2372 1279 2424 ejus
1310 2376 1432 2424 pater
1462 2371 1715 2418 Alexander,

198 2431 236 2469 h.
272 2431 296 2469 l.
336 2430 639 2483 intelligendus.
718 2429 823 2468 Nam
858 2429 924 2467 hic
963 2433 1154 2480 tempore
1191 2426 1349 2465 Xerxis
1389 2426 1429 2465 in
1469 2426 1718 2466 Macedonia

196 2486 400 2539 regnavit,
423 2493 477 2526 et.
500 2485 606 2524 bello
635 2499 726 2523 cum
755 2484 948 2524 barbaris
978 2483 1161 2522 nonduin
1189 2488 1347 2528 exorto,
1371 2481 1572 2521 beneficia
1600 2482 1717 2521 dedit

199 2541 382 2587 Graecis„
404 2547 451 2580 ut
474 2541 673 2591 φιλέλλην
702 2540 911 2579 diceretur
941 2544 983 2578 et
1015 2540 1201 2588 πρόξενος
1228 2539 1289 2576 καὶ
1318 2537 1518 2587 εὐεργέτης
1541 2537 1716 2577 Atheni-

198 2597 357 2636 ensium
393 2597 525 2635 fieret.
591 2596 644 2634 V.
672 2595 921 2634 Valckenar.
955 2594 1009 2633 ad
1043 2594 1251 2633 Herodot.
1285 2604 1322 2644 7,
1351 2594 1389 2631 6.
1422 2604 1510 2645 173.
1558 2595 1594 2639 8,
1624 2607 1713 2646 143-

199 2652 528 2705 Harpocration.
553 2666 584 2690 s.
611 2666 646 2689 v.
670 2650 957 2700 Ἀλέξανδρος;
993 2650 1104 2690 οὗτός
1135 2651 1244 2687 ἐστιν
1272 2651 1291 2687 ὁ
1322 2649 1626 2697 ἐπικαλούμενος
1653 2655 1717 2699 φι-

197 2709 350 2757 λέλλην
385 2708 592 2756 βασιλεὺς,
624 2706 704 2747 υἱὸς
739 2708 811 2755 μὲν
840 2705 1046 2755 Ἀμύντου,
1077 2705 1201 2754 πατὴρ
1235 2705 1276 2743 δὲ
1315 2705 1545 2754 Περδίκκου,
1577 2705 1714 2754 ἐστρα-

198 2765 329 2803 τεύετο
366 2765 406 2802 δὲ
438 2763 512 2802 ὑπὸ
547 2763 767 2814 Μαρδονίῳ,
801 2760 868 2811 ἀφ’
902 2762 945 2800 οὗ
982 2763 1042 2799 καὶ
1078 2760 1256 2810 ἐπέμφθη
1289 2760 1350 2798 ἐπὶ
1382 2762 1450 2809 γῆς
1486 2759 1547 2798 καὶ
1581 2761 1717 2801 ὕδατος

199 2821 352 2867 αἴτησιν
380 2819 474 2868 πρὸς
497 2818 737 2867 Ἀθηναίους.
803 2816 924 2855 Adde
948 2815 1125 2855 Bekkeri
1158 2815 1314 2853 Anecd.
1340 2829 1378 2867 p.
1403 2826 1498 2867 375,
1524 2828 1584 2867 ¹9·
1641 2815 1716 2855 Le-

197 2875 421 2927 ι0111100010,
455 2889 479 2913 a
514 2872 800 2926 grannnatieis
836 2877 1216 2916 eonnnmnoratam,
1255 2869 1358 2909 obiit
1395 2870 1556 2923 Olymp.
1585 2884 1648 2923 75,
1676 2883 1710 2910 2.
