1997 3256
390 149 453 189 IN
485 149 842 190 ORATIONEM
878 150 1333 192 ARISTOCRATEA
1344 152 1403 191 M.
1573 154 1657 195 877

142 257 214 306 μὲν
237 256 298 296 καὶ
319 256 434 310 ἄλλῃ,
457 254 630 305 μάλιστα
656 254 686 295 δ’
707 256 749 294 ἐν
777 256 832 297 οἷς
858 255 925 294 τὸν
946 256 1033 306 περὶ
1054 259 1129 295 τῶν
1152 257 1279 304 νόμων
1301 257 1511 296 ἀποδίδωσι
1533 258 1656 307 λόγον

144 313 205 352 καὶ
226 311 294 352 τὸν
316 312 401 362 περὶ
421 315 497 351 τῶν
518 315 689 362 φονικῶν
706 312 972 361 δικαστηρίων,
993 310 1053 362 ἐφ’
1071 312 1114 361 ἧς
1130 313 1261 363 χρείας
1279 312 1444 352 ἕκαστον
1465 312 1654 352 τέτακται.

203 367 297 407 Non
319 367 454 407 minor
475 367 515 406 in
543 367 682 421 capite
709 367 889 407 secundo
917 367 1121 420 probandi
1144 367 1202 407 vis
1230 373 1306 415 est,
1330 382 1423 407 cum
1450 368 1656 421 exemplo-

144 437 235 463 rum
266 438 342 463 usu
373 428 416 464 et
447 424 566 477 copia
596 429 686 464 tum
716 424 927 477 applicata
955 437 1097 463 corum
1128 423 1182 463 ad
1210 428 1371 463 mentes
1398 423 1657 464 audientium

144 484 188 520 et
222 480 277 520 ad
312 494 400 520 rem
439 480 755 520 accommodata
795 479 1009 527 electione,
1047 479 1226 519 maxime
1267 484 1407 519 autem
1443 480 1656 520 tractandi

143 536 268 576 modo
299 536 499 577 confecta.
561 535 758 587 Quamvis
789 535 909 575 enim'
930 535 1232 575 demonstratio
1264 550 1338 588 per
1373 536 1563 588 exempla
1597 535 1657 575 in—

145 592 296 632 stitut-a
326 607 400 646 per
430 607 473 632 se
505 592 650 632 debilis
680 596 807 645 atque
838 591 1001 631 infirma
1032 591 1099 636 sit,
1129 591 1350 631 collatione
1377 596 1519 631 tamen
1548 591 1657 630 simi-

144 648 244 688 lium
275 654 469 689 accurate
500 663 609 697 usuS,
641 663 693 688 ex
727 648 914 702 pluribus
945 662 994 687 eo
1025 647 1225 700 pervenit,
1259 661 1340 700 quo
1374 647 1514 693 voluit,
1547 652 1590 687 ct
1623 647 1657 686 si

144 719 227 744 non
256 705 548 745 necessitatem
576 703 851 758 persuadendi
880 708 1028 744 nactus
1055 707 1132 750 est,
1160 707 1301 742 tamen
1329 717 1480 757 magna
1508 704 1657 756 proba-

144 760 307 801 bilitate
335 762 494 802 animos
521 760 737 814 percussit.
798 760 936 814 Caput
957 759 1128 800 tertium
1158 773 1283 811 quum
1306 759 1424 798 unice
1452 758 1658 798 niteretur

145 817 396 857 testimoniis
424 832 578 865 eorum,
602 817 750 870 quibus
775 816 913 856 variae
941 829 1112 855 caussae
1139 829 1232 854 cum
1254 814 1502 855 Charidemo
1531 815 1658 854 inter-

146 873 367 914 cessissent
401 874 554 927 quique
588 873 677 926 ejus
707 872 857 926 agendi
887 871 1095 912 rationem
1125 870 1348 919 novissent,
1381 871 1542 925 singula
1572 885 1657 911 mo-

145 936 288 970 menta
315 930 512 984 expendit
543 935 586 969 et
617 928 852 969 observavit
881 928 1142 981 scienterque
1174 926 1336 967 notavit
1358 927 1457 981 quid
1487 942 1537 967 ex
1559 942 1658 980 quo-

146 1000 226 1038 que
246 985 479 1026 faciendum
501 991 623 1033 esset,
642 985 773 1039 iisque
795 984 1020 1024 artificiose
1042 983 1298 1037 explicandis
1319 983 1658 1037 illustrandisquc

144 1042 456 1094 persuasionem
487 1042 537 1082 de
566 1041 802 1082 Charidemi
830 1040 1006 1094 perfidia
1034 1040 1075 1079 in
1106 1039 1255 1079 animis
1285 1039 1546 1080 audientium
1575 1040 1658 1079 effi-

146 1112 237 1137 cere
266 1098 439 1138 studuit.
503 1098 620 1138 Idem
648 1102 776 1151 caput
803 1097 1066 1151 aptissimum
1088 1096 1165 1136 fuit
1194 1095 1412 1136 affectibus
1433 1096 1656 1145 movendis,

147 1155 257 1207 quod
293 1155 429 1195 effeci-t
469 1160 613 1194 orator
652 1154 809 1208 partim
844 1153 964 1193 malis
1004 1153 1167 1193 artibus
1208 1166 1350 1192 eorum
1387 1152 1657 1205 exponendis,

147 1210 215 1263 qui
255 1211 435 1251 maxime
471 1211 727 1250 voluntatem
769 1208 1066 1264 psephismatis
1103 1207 1381 1248 Aristocratis
1416 1209 1658 1257 tuebantur,

146 1267 300 1320 partim
341 1267 597 1307 ostendendo
633 1267 732 1320 quid
768 1266 864 1306 mali
905 1280 957 1305 ex
992 1265 1060 1304 illo
1100 1265 1372 1317 comprobato
1413 1270 1659 1304 eventurum

146 1328 267 1371 esset,
291 1323 445 1376 partim
472 1323 647 1376 denique
676 1323 841 1376 adjecto
869 1322 957 1361 loco
986 1320 1193 1361 communi
1221 1321 1271 1360 de
1298 1321 1420 1360 laude
1440 1321 1658 1373 majorum.

149 1378 212 1418 Ut
247 1384 389 1419 autem
426 1379 524 1419 nihil
561 1379 824 1432 praeteriret,
863 1378 973 1431 quod
1009 1377 1063 1417 ad
1104 1391 1220 1416 suam
1258 1391 1449 1416 caussam
1484 1376 1659 1430 alicujus

146 1436 345 1475 momenti
377 1450 466 1476 esse
501 1435 792 1481 arbitraretur„
825 1435 887 1474 vel
920 1433 1095 1486 subjecit
1132 1432 1195 1472 vel
1228 1432 1480 1486 interposuit
1512 1433 1660 1486 cuique

147 1491 273 1544 capiti
296 1491 600 1545 occupationes,
624 1506 672 1531 ea
700 1491 845 1531 statim
873 1489 1108 1537 dissolvens,
1133 1503 1239 1541 quae
1260 1489 1313 1528 ab
1342 1489 1519 1529 adversa
1539 1494 1661 1542 parte

146 1547 269 1600 objici
291 1553 474 1601 possent.
530 1547 579 1586 In
601 1547 862 1587 conclusione
884 1546 1060 1598 denique
1082 1559 1287 1584 summam
1307 1545 1444 1599 legum
1464 1545 1504 1584 in
1526 1545 1661 1598 primo

145 1603 283 1656 capite
318 1608 598 1644 tractatarum
638 1603 820 1657 repetiit,
856 1607 916 1648 ut,
952 1606 1179 1654 antequam
1217 1601 1273 1640 ad
1314 1600 1512 1655 suffragia
1552 1600 1662 1641 irent

141 1659 315 1713 judices,
356 1660 529 1699 infixum
569 1659 719 1700 animis
758 1663 965 1708 tenerent,
1002 1657 1113 1711 quod
1151 1656 1434 1696 firmissimum
1473 1661 1583 1697 esset
1618 1661 1662 1697 et

147 1730 316 1756 caussae
337 1716 517 1756 maxime
538 1716 767 1769 prodesset.

205 1771 269 1812 De
290 1778 480 1826 tempore
502 1787 582 1826 quo
607 1772 753 1812 habita
777 1771 880 1811 haec
906 1769 1042 1810 oratio
1064 1769 1118 1809 sit
1144 1772 1311 1809 constat
1334 1767 1522 1821 Dionysii
1543 1768 1661 1809 testi-

147 1828 286 1868 monio
314 1828 356 1867 in
384 1828 505 1882 epist.
528 1829 582 1868 ad
604 1828 854 1868 Aminaeum
877 1826 911 1865 I.
933 1840 966 1866 c.
990 1840 1027 1875 4.
1051 1825 1129 1865 vol.
1154 1826 1193 1865 6.
1214 1840 1252 1878 p.
1279 1836 1372 1876 725.
1398 1825 1440 1863 ἐν
1466 1825 1584 1877 τούτῳ
1610 1827 1661 1878 τῷ

147 1886 275 1938 χρόνῳ
300 1885 592 1937 (Aristodemo
620 1884 835 1931 archonte,
859 1882 928 1935 qui
953 1895 1180 1935 eponymus
1203 1880 1283 1920 fuit
1305 1880 1466 1933 Olymp.
1491 1893 1579 1929 107,
1605 1882 1659 1927 1.)

150 1942 210 1980 καὶ
243 1941 309 1980 τὸν
345 1943 441 1980 κατὰ
469 1939 791 1991 Ἀριστοκράτους
827 1939 980 1990 ἔγραψε
1015 1939 1138 1989 λόγον
1176 1937 1368 1976 Εὐθυκλεῖ
1401 1938 1451 1988 τῷ
1488 1936 1664 1975 διώκοντι

148 1998 384 2047 παρανόμων
415 1997 457 2035 τὸ
489 1996 692 2048 ψήφισμα.
755 1995 897 2034 Minus
927 1998 1125 2034 accurate
1155 1992 1407 2032 Plutarchus
1438 1991 1479 2030 in
1503 1991 1557 2030 V.
1581 1991 1663 2031 De-

148 2053 301 2093 mosth.
325 2067 358 2092 c.
388 2065 449 2105 15.
481 2057 556 2092 τῶν
587 2054 627 2092 δὲ
660 2053 855 2102 δημοσίων
886 2052 905 2090 ὁ
936 2052 1009 2100 μὲν
1041 2048 1119 2088 κατ’
1145 2048 1424 2098 Ἀνδροτίωνος
1457 2048 1517 2087 καὶ
1545 2051 1663 2098 Τιμο-

151 2109 310 2160 κράτους
350 2109 410 2148 καὶ
445 2107 764 2159 Ἀριστοκράτους
805 2106 947 2157 ἑτέροις
987 2105 1217 2157 ἐγράφησαν
1257 2105 1360 2144 οὔπω
1402 2106 1445 2153 τῇ
1486 2105 1664 2157 πολιτείᾳ

149 2166 500 2215 προσεληλυθότος·
533 2167 641 2204 δοκεῖ
668 2166 743 2215 γὰρ
771 2166 878 2203 δυοῖν
907 2161 929 2212 ἦ
961 2166 1074 2212 τριῶν
1105 2161 1244 2201 δέοντα
1276 2160 1339 2209 ἔτη
1368 2159 1573 2210 τριάκοντα
1601 2177 1664 2210 γε-

150 2221 276 2271 γονὼς
308 2223 526 2272 ἐξενεγκεῖν
557 2221 643 2261 τοὺς
672 2223 814 2271 λόγους
845 2220 1026 2259 ἐκείνους.
1088 2219 1215 2256 Anno
1243 2220 1385 2256 autem
1414 2215 1469 2254 illi
1498 2215 1662 2269 Olymp.

158 2289 247 2327 107,
277 2290 309 2316 1.
339 2276 588 2317 conveniunt
617 2290 723 2329 quac
750 2275 792 2314 in
820 2274 1009 2314 oratione
1040 2273 1130 2326 ipsa
1161 2271 1532 2325 deprehenfflmtur
1561 2276 1664 2310 tem-

151 2347 299 2385 porum
320 2337 458 2372 notae.
507 2332 693 2371 Primum
715 2336 972 2370 memoratur
993 2345 1030 2382 p.
1059 2331 1154 2380 656.
1178 2327 1333 2381 legatio
1356 2327 1663 2380 Olynthiorum,

153 2388 222 2441 qui
258 2388 362 2428 inita
396 2388 451 2428 ad
488 2388 766 2428 Athenienses
803 2385 1069 2425 debellandos
1105 2398 1198 2423 cum
1234 2382 1428 2435 Philippo
1464 2382 1664 2422 societate

153 2444 303 2490 soluta,
326 2458 419 2483 cum
447 2443 496 2483 iis
524 2443 566 2482 in
592 2443 773 2497 gratiam
804 2441 1122 2482 revertebantur
1152 2444 1195 2479 et
1221 2439 1365 2478 foedus
1394 2438 1530 2477 facere
1557 2438 1665 2478 vole-

153 2501 257 2540 bant
271 2500 302 2547 d,
340 2505 383 2540 et
419 2504 675 2539 memoratur
710 2499 782 2546 ita,
819 2502 866 2537 ut
906 2497 1029 2550 paulo
1070 2500 1182 2543 ante,
1220 2509 1345 2547 quam
1385 2494 1487 2533 haec
1528 2493 1665 2534 oratio

152 2556 299 2596 habit-a
331 2560 406 2602 est,
441 2555 623 2595 Athenis
654 2553 835 2594 adfuerit
866 2567 1033 2592 necesse
1064 2551 1131 2591 sit.
1192 2549 1377 2603 Olynthii
1409 2563 1483 2588 cur
1512 2564 1537 2589 a
1566 2549 1665 2588 Phi—

152 2612 253 2666 lippi
281 2611 472 2665 partibus
499 2610 725 2650 defecerint
754 2609 788 2649 si
817 2608 1064 2663 quaerimus,
1090 2620 1280 2647 caussam
1309 2605 1474 2658 quidem
1504 2604 1665 2644 univer-

153 2682 243 2708 sam
269 2667 460 2721 poninms
486 2667 527 2706 in
553 2670 667 2705 metu
694 2670 844 2705 auctae
870 2665 911 2703 in
933 2664 1018 2703 dies
1045 2663 1154 2716 regis
1180 2661 1407 2715 potentiae,
1429 2661 1500 2700 sed
1528 2660 1666 2714 proxi-

153 2738 264 2764 mam
294 2724 336 2763 in
366 2738 415 2763 eo
449 2721 810 2775 deprehendimus,
843 2720 954 2772 quod
986 2719 1051 2758 ille
1083 2732 1234 2757 novum
1265 2716 1462 2769 quiddam
1495 2716 1665 2756 molitus

153 2779 294 2828 fuerit,
328 2793 409 2832 quo
442 2793 516 2818 nec
548 2777 630 2817 fidc
666 2776 843 2829 amplius
878 2780 922 2815 ct
956 2774 1141 2815 amicitia
1175 2773 1224 2812 iis
1258 2772 1408 2826 dignus
1440 2771 1666 2819 videretur,

197 2914 215 2938 d
233 2916 354 2946 Foedus
375 2914 506 2954 Olymp.
525 2914 653 2944 demum
676 2920 744 2951 107,
762 2921 790 2950 3.
813 2912 876 2941 fac-
950 2909 1019 2940 161.
1037 2921 1068 2939 n.
1091 2919 1115 2938 ῐ.
1135 2915 1165 2939 et
1181 2909 1253 2938 alibi
1271 2908 1364 2938 fidem
1382 2908 1544 2937 habemus.
1581 2907 1666 2936 Add.

155 2965 224 2988 tum
251 2965 308 2995 est,
333 2958 357 2987 si
386 2956 587 2987 Boehneckio
612 2956 644 2984 in
671 2956 818 2992 Quaestt.
845 2964 876 2992 p.
947 2953 1118 2982 Libanium
1137 2953 1173 2981 ad
1192 2951 1327 2990 Olynth.
1349 2950 1374 2979 Ι.
1394 2961 1424 2989 p.
1445 2959 1471 2988 7.
