1997 3256
300 142 385 182 858
648 138 978 181 ADVERSUS
1011 139 1471 181 ANDROTIONEM.

363 255 460 299 597,
482 257 546 285 11.
581 244 854 299 ἴστε-ἀκοῇ]
908 243 963 284 V.
1000 243 1235 298 Lennepius
1270 244 1326 285 ad
1361 244 1529 285 Phalar.
1566 259 1608 299 p.
1644 256 1738 298 229.
1774 246 1814 286 b.

302 301 560 342 SCHAEF.

363 367 462 412 597,
490 370 553 397 12.
588 357 658 407 τὴν
693 357 812 397 πόλιν
848 356 1075 399 ἐκλιπόντες
1111 374 1144 396 κ.
1176 374 1209 397 τ.
1240 356 1299 410 λ.]
1347 356 1402 397 V.
1435 357 1644 398 Herodot.
1677 358 1714 406 8,
1745 371 1814 409 41.

303 413 422 453 Idem
455 417 604 454 narrat
636 413 782 467 Lysias
813 428 853 467 p.
876 426 969 466 194,
989 412 1281 463 1.-ἐξέλιπον
1311 414 1407 465 ὑπὲρ
1437 416 1502 464 τῆς
1519 413 1716 456 Ἑλλάδος
1746 414 1817 464 τὴν

300 470 496 516 πόλιν-,
518 469 773 520 ὑπεκθέμενοι
801 471 843 509 δὲ
870 472 1009 511 παῖδας
1035 469 1098 509 καὶ
1128 473 1314 521 γυναῖκας
1335 470 1396 509 καὶ
1422 469 1588 522 μητέρας
1611 472 1665 512 εἷς
1686 474 1817 510 Σαλα-

299 530 393 577 μῖνα
414 525 665 578 συνήθροιζον
687 527 748 566 καὶ
769 525 813 565 τὸ
834 529 911 566 τῶν
931 526 1068 566 ἄλλων
1089 525 1303 578 συμμάχων
1325 527 1516 566 ναυτικόν.
1559 526 1744 566 FUNK.

357 592 455 636 597,
476 593 537 634 17.
559 582 727 636 μνήμην]
758 583 897 632 μνείαν
918 581 960 621 in
982 581 1144 622 duobus
1165 581 1388 629 codicibus,
1411 581 1453 621 in
1473 582 1554 623 alio
1580 582 1817 636 antiquiore

302 639 441 690 μνείαν
474 638 640 689 μνήμην,
673 639 783 679 unde
815 638 932 693 origo
963 642 1085 692 patet
1122 638 1286 687 erroris,
1321 637 1391 692 qui
1421 653 1505 679 non
1536 639 1717 679 debebat
1749 639 1819 679 de-

300 695 411 735 fendi
434 695 487 735 ab
510 695 733 735 Schaefero
760 695 920 735 usitata
949 694 1158 735 locutione
1179 699 1377 735 ποιεῖσθαι
1406 696 1544 745 μνείαν
1564 710 1604 749 p.
1625 705 1722 749 595,
1748 696 1814 736 28.

299 755 377 792 aut
398 750 708 792 Antiattiastae
740 751 958 792 notatione
986 751 1028 791 in
1060 751 1193 791 Bekk.
1216 751 1377 792 Anecd.
1399 766 1439 805 p.
1461 764 1552 804 107,
1578 762 1643 806 25
1663 752 1815 802 μνείαν·

300 807 370 857 τὴν
387 824 551 858 μνημην.
597 811 806 859 Σοφοκλης
818 807 1080 862 Αλεξάνὸρῳ.

357 864 502 915 ἀρχαῖα
525 863 586 903 καὶ
606 864 773 918 παλαια]
807 863 842 903 F
846 879 866 903 1
870 878 920 917 eq
924 878 1024 904 uens
1056 864 1205 904 hoium
1235 864 1539 918 adjectivorum
1564 863 1816 917 conjunctio,

299 919 416 974 cujus
438 919 628 973 exempla
649 935 685 960 v.
709 919 751 959 in
775 919 979 974 Stephani
1003 920 1126 960 Thes,
1150 921 1214 961 ed.
1239 920 1375 960 Paris.

356 988 453 1029 597,
471 988 536 1017 20.
555 977 824 1018 ὑποσπόνδους
845 976 1125 1031 ἁπεπεμψατε]
1151 977 1371 1017 Sententia
1388 976 1574 1017 auctoris
1590 980 1666 1024 est,
1683 976 1817 1016 Athe-

300 1031 474 1080 nienses,
498 1031 608 1072 datis
630 1031 806 1071 induciis
829 1036 872 1072 et
894 1032 1019 1072 certis
1041 1033 1351 1073 conditionibus
1372 1032 1610 1086 piopositis,
1633 1032 1816 1072 abeundi

299 1091 559 1142 potestatem
591 1087 766 1128 dedisse.
828 1088 911 1128 Sed
945 1088 1089 1129 dicunt
1126 1090 1212 1131 τοὺς
1241 1089 1397 1140 νεκροὺς
1426 1090 1698 1130 ὑποσπόνδους
1730 1089 1817 1129 ἆνε-

299 1144 456 1190 λέσθαι,
491 1143 624 1184 tollere
658 1144 716 1184 ad
751 1144 996 1196 sepulturam
1031 1145 1243 1193 cadavera,
1277 1145 1452 1185 induciis
1485 1143 1534 1184 ab
1569 1144 1669 1184 hoste
1703 1150 1737 1184 et
1772 1159 1818 1184 ea

288 1200 491 1254 facultate
524 1200 751 1254 impetrata.
789 1200 848 1239 W
854 1200 982 1241 OLF
1056 1200 1284 1254 Expeditio
1320 1199 1656 1249 Atheniensium,
1692 1214 1818 1253 quam

301 1261 447 1296 orator
482 1256 702 1310 significat,
736 1257 849 1297 facta
884 1261 949 1297 est
980 1256 1143 1311 OlJmp.
1164 1268 1255 1310 105,
1277 1271 1317 1311 3.
1368 1257 1424 1297 V.
1448 1257 1502 1297 ad
1528 1271 1567 1310 p.
1597 1269 1691 1311 259,
1715 1270 1753 1310 9.
1777 1260 1820 1296 et

302 1312 482 1353 Olinton.
507 1313 625 1353 Fast.
650 1312 758 1352 Hell.
778 1313 856 1353 vol.
883 1324 979 1367 2.Ρ.
1001 1326 1091 1365 124.

358 1380 455 1422 597,
481 1381 546 1422 25.
568 1372 617 1409 τὰ
636 1371 709 1418 μὲν
729 1371 863 1409 πολλὰ
884 1369 1000 1409 ἐάσω
1034 1371 1113 1409 ἀλλ
1114 1368 1457 1423 ’--παρε’στησαν]
1494 1368 1614 1409 Haec
1642 1368 1820 1408 brevilo-

303 1425 476 1479 quentia
510 1425 797 1466 usitatissima.
860 1425 927 1465 Sic
956 1440 995 1479 p.
1018 1426 1109 1466 108.
1142 1428 1190 1465 τὰ
1218 1427 1292 1476 μὲν
1318 1427 1425 1466 ἄλλα
1456 1424 1573 1465 ἐάσω
1606 1424 1695 1464 ἀλλ’
1721 1427 1822 1465 ἐπει-

303 1484 461 1522 δὰν-.
523 1481 663 1522 Reisk.
693 1481 898 1535 explicat:
941 1481 1031 1521 ἀλλ’
1066 1483 1109 1522 ἓν
1144 1485 1257 1522 τοῦτο
1297 1483 1419 1532 μόνον
1456 1483 1539 1533 ἐρῶ·
1573 1483 1819 1522 ἐπειδᾶν-.

301 1552 343 1591 p.
367 1548 465 1589 447.
494 1539 541 1578 τὰ
571 1539 643 1587 μὲν
671 1539 778 1578 ἄλλα
809 1541 953 1578 σιωπῶ·
988 1538 1404 1589 ἀλλὰ-ἐξεκήρυξεν.
1442 1544 1484 1578 et
1514 1537 1626 1578 alibi.
1690 1536 1821 1578 Simili

304 1593 466 1634 ratione
495 1593 649 1634 (licitur
675 1609 714 1648 p.
739 1595 834 1648 615.
856 1596 904 1634 τὰ
928 1595 1001 1644 μὲν
1023 1595 1092 1634 οὖν
1112 1597 1247 1635 πολλὰ
1268 1596 1321 1635 ὧν
1341 1594 1473 1647 λέγων
1495 1596 1590 1645 ὑμᾶς
1618 1592 1823 1646 ἐφενάκιζε

304 1651 553 1702 παραλείψω·
584 1653 715 1702 φῆσας
737 1649 1001 1691 δ’-ἕπεισεν,
1044 1650 1229 1690 FUNK.

360 1716 457 1760 597,
476 1708 541 1747 26.
565 1706 653 1746 ἀλλ’
669 1706 1047 1760 επι-συμβάντων]
1074 1706 1538 1761 CitatT1be1iusp.52.
1573 1705 1822 1747 SCHAEF.

363 1766 601 1803 Δεκελεικοῦ
621 1762 815 1817 πολεμου]
850 1763 905 1803 V.
923 1763 1108 1817 ThUCJd.
1127 1774 1164 1816 7,
1185 1777 1234 1817 19
1252 1764 1340 1804 coll
1366 1763 1548 1805 Clinton.
1568 1763 1685 1803 Fast.
1711 1762 1822 1803 Hell.

305 1818 467 1882 OlJmp.
491 1832 556 1873 91,
578 1832 618 1871 4.
681 1819 1043 1860 Deceleamunita
1065 1824 1130 1860 est
1152 1820 1217 1860 Ol.
1241 1833 1307 1871 91,
1327 1832 1366 1869 4,
1390 1820 1584 1860 Athenas
1608 1819 1825 1873 LJsander

305 1874 416 1929 cepit
438 1875 501 1916 Ol.
525 1888 645 1928 94,1.
708 1875 822 1915 Hinc
856 1875 1031 1916 Isocrat.
1062 1891 1102 1930 p.
1129 1877 1214 1930 380
1239 1875 1288 1916 Β.
1322 1876 1367 1916 id
1401 1876 1555 1916 bellum
1589 1875 1824 1930 intelligens

305 1931 450 1972 decem
480 1946 612 1972 annos
635 1932 991 1973 Lacedaemonios
1022 1947 1116 1972 cum
1138 1932 1467 1973 Atheniensibus
1497 1931 1673 1972 bellasse
1704 1932 1823 1972 dic-it..

306 1987 498 2028 Breviter
518 2002 611 2028 eam
631 2003 721 2028 rem
741 1993 1040 2029 commemorat
1063 1989 1184 2029 Dem.
1206 2004 1246 2043 p.
1266 1990 1360 2043 258,
1380 2002 1443 2043 13.
1465 1989 1565 2043 562,
1579 2002 1619 2040 4.
1646 2001 1767 2043 1304,
1785 1999 1823 2040 7.

307 2043 470 2084 Cornel.
493 2044 645 2098 Nepot.
669 2044 807 2085 Alcib.
830 2058 869 2095 4.
915 2045 1098 2085 FUNK.

364 2104 441 2139 τῶν
460 2102 535 2151 γὰρ
557 2101 1015 2155 ἀρχαίων-ὑπομνήσω]
1054 2101 1333 2142 parenthesin
1360 2100 1551 2141 Tiberius
1581 2100 1639 2141 Sic
1668 2100 1826 2155 partim

307 2160 570 2196 contractam
592 2156 754 2225 partim
778 2161 1020 2210 corruptam
1042 2158 1140 2197 dat
1133 2174 1140 2180 ·
1176 2158 1218 2198 ἓν
1238 2160 1326 2209 γὰρ,
1350 2157 1370 2197 ὃ
1392 2156 1534 2199 πάντες
1556 2158 1648 2207 ἐμοῦ
1668 2161 1827 2208 μᾶλλον

309 2212 536 2258 ἐπίστασθε,
559 2229 610 2262 μη
630 2213 878 2262 ὑπομνησθῶ.
923 2213 1034 2253 SCH
1039 2213 1175 2253 AEF.

363 2278 460 2320 597,
478 2269 543 2308 28.
568 2284 610 2308 τε
630 2273 726 2322 post
747 2272 909 2308 πολλῶν
921 2268 1046 2323 vulgo
1067 2270 1176 2309 lecto
1199 2274 1316 2310 caret
1331 2268 1535 2309 Tiberius.
1565 2270 1825 2310 SCHAEF.

365 2323 638 2377 ἀτυχημάτων]
674 2323 768 2364 Non
790 2324 921 2365 habet
939 2322 1142 2365 Tiberius.

371 2380 416 2419 οὐ
450 2380 912 2435 πρότερον-ἀπώλετο]
953 2380 1101 2422 Citant
1136 2381 1752 2436 A11eed0t.Bekker.p.164‚
1786 2395 1826 2437 9.

309 2434 566 2476 SOHAEF.

364 2502 461 2545 597,
486 2504 551 2544 29.
573 2492 843 2545 παρεστησαν]
879 2492 1040 2534 Aneed.
1063 2493 1198 2535 Bekk.
1221 2509 1262 2548 p.
1284 2495 1376 2542 166,
1399 2503 1438 2548 5.
1462 2495 1697 2545 Παρίστημι·
1729 2498 1828 2544 λαμ-

307 2546 432 2597 βάνω,
467 2549 667 2604 αἰτιατικῇ.
720 2550 827 2589 Δίων
859 2551 1020 2590 εἰκοστω
1052 2550 1216 2605 δευτερῳ
1247 2551 1414 2604 βιβλίῳ·
1468 2551 1548 2590 ’ὧν
1578 2567 1626 2590 τα
1654 2551 1728 2601 μὲν
1757 2551 1828 2603 βίᾳ

308 2603 404 2654 ἥρει,
433 2605 480 2643 τὸ.
511 2605 552 2643 δὲ
585 2606 647 2644 καὶ
677 2605 869 2658 ὁμολογία
898 2622 1126 2657 παριστατο.
1130 2606 1153 2621 ⁵
1214 2606 1386 2646 Rectius
1407 2621 1446 2677 J).
1474 2606 1566 2659 289,
1587 2616 1663 2660 15:
1698 2606 1827 2656 Παρέ-

309 2673 472 2708 σΤησαῘ)’
505 2660 703 2728 ἐυῆίκησαῖ),
733 2661 816 2700 ἐπεί.
846 2659 950 2714 Τάχα
980 2663 1017 2702 Οἱ
1048 2663 1260 2713 ΊῙΤΤώμΕΖΙΟι
1291 2663 1353 2703 Καὶ
1381 2679 1418 2702 Ob
1445 2661 1687 2714 αἰχμάλωΤΟΙ.
1717 2678 1828 2713 παρί-

309 2730 475 2754 στανται
495 2719 576 2756 τοῖς
596 2717 841 2766 νενικηκόσιν
862 2717 913 2759 ὡς
933 2720 1066 2758 δοῦλοι
1087 2719 1307 2760 δεσπόταις.
1361 2717 1503 2771 Etym.
1526 2717 1588 2757 M.
1611 2732 1650 2770 p.
1670 2719 1766 2772 653,
1787 2731 1824 2756 1:

310 2769 591 2821 Παρέστησαν,
617 2772 885 2823 Δημοσθένης,
909 2774 1105 2824 ἐνίκησαν·
1139 2773 1271 2823 ἐπειδὴ
1293 2774 1329 2813 οἱ
1349 2774 1562 2824 ἡττώμενοι
1587 2775 1827 2825 παρίσταντο

309 2829 389 2867 τοῖς
411 2828 667 2875 νενικηκόσιν,
687 2828 737 2870 ὡς
758 2831 890 2868 δοῦλοι
912 2831 1132 2872 δεσπόταις.
1185 2829 1459 2870 Scribendum
1482 2828 1717 2879 ἐνικήθησαν
1733 2843 1827 2869 cum

312 2880 492 2933 TaJloro
514 2882 633 2922 Dem.
651 2898 690 2936 p.
710 2896 772 2934 14,
792 2897 857 2925 12.
872 2883 1077 2926 ’Όλυνθον
1096 2884 1403 2936 παραστήσεται.
1450 2884 1618 2939 Taylor.
1639 2885 1828 2940 exempla

312 2936 458 2976 attulit
492 2937 616 2978 haec:
652 2939 840 2989 Thuc.1,
870 2940 1039 2994 98,124
1069 2941 1186 2993 (ibid.
1216 2955 1251 2981 c.
1278 2954 1358 2992 114
1388 2940 1512 2981 sciibi
1545 2941 1719 2983 maluit:
1756 2942 1827 2991 τὴν
