1997 3256
305 138 390 183 960
720 138 1106 179 FRAGMENTA
1140 138 1413 180 SOLONEA

308 244 425 284 ἐννέα
441 244 643 296 ἄρχουσιν,
668 244 751 283 εἶτα
775 248 851 284 τῶν
872 245 1009 284 ἄλλων
1030 245 1176 296 ἀρχῶν.
1236 243 1290 284 ‘H
1316 243 1346 284 δ’
1371 245 1656 297 ἐπιχειροτονία
1677 244 1777 284 ἔστω
1798 245 1821 294 ἡ

307 300 488 351 προτέρα,
512 301 586 353 ὅτῳ
615 303 795 340 δοκοῦσιν
823 301 955 352 ἀρκεῖν
984 301 1093 351 νόμοι
1113 302 1149 340 οἱ
1176 301 1435 350 βουλευτικοί·
1459 301 1481 350 ἡ
1509 300 1538 340 δ’
1562 300 1720 352 ὑστέρα,
1747 301 1821 353 ὅτῳ

308 356 359 406 μὴ
381 358 573 395 δοκοῦσιν·
608 355 689 395 εἶτα
713 360 789 395 τῶν
818 360 956 396 κοινῶν
985 358 1080 396 κατὰ
1107 355 1235 395 ταύτά.
1299 357 1382 405 Τὴν
1410 354 1439 395 δ’
1464 356 1820 408 ὀιποχειροτονίανὴ

312 412 411 452 εἶναι
432 416 508 451 τῶν
529 413 657 462 νόμων
678 414 774 451 κατὰ
795 413 882 454 τοὺς
904 413 1042 462 νόμους
1063 412 1149 453 τοὺς
1171 411 1378 461 κειμένους.
1438 411 1536 451 Ἐὰν
1558 412 1600 451 δέ
1627 429 1728 454 τινες
1747 416 1825 452 τῶν

312 470 439 518 νόμων
468 472 543 507 τῶν
572 467 758 518 κειμένων
786 469 1180 520 ἀποχειροτονηθῶσι,
1204 468 1290 509 τοὺς
1317 467 1530 518 πρυτάνεις,
1561 466 1622 519 ἐφ’
1646 469 1698 507 ὧν
1727 467 1775 507 ἂν
1802 468 1825 517 ἡ

309 524 596 576 ἐπιχειροτονία
616 524 788 575 γένηται,
805 528 932 564 ποιεῖν
952 524 1040 575 περὶ
1060 527 1135 563 τῶν
1153 522 1584 575 ἀποχειροτονηθέντων
1605 523 1674 572 τὴν
1695 529 1826 563 τελευ-

311 581 425 620 ταίαν
446 583 522 619 τῶν
542 583 657 630 τριῶν
679 581 907 629 ἐκκλησιῶν.

368 636 468 678 Τοὺς
496 638 537 675 δὲ
569 636 790 687 προέδρους,
820 636 856 675 οἲ
889 636 937 675 ἂν
969 635 1192 688 τυγχάνωσι
1221 636 1518 686 προεδρεύοντες
1555 636 1598 674 ἐν
1629 635 1746 684 ταύτῃ
1781 636 1826 688 τῇ

313 694 511 745 ἐκκλησία,
549 694 810 744 χρηματίζειν,
849 692 1066 743 ἐπάναγκες
1106 695 1258 742 πρῶτον
1292 693 1391 742 μετὰ
1427 693 1473 730 τὰ
1508 692 1590 741 ἱερὰ
1625 691 1712 741 περὶ
1752 694 1828 730 τῶν

315 751 548 798 νομοθετῶν,
573 747 652 787 καθ’
677 749 751 796 ὅ,τι
774 751 1035 787 καθεδοῦνται·
1069 748 1131 787 καὶ
1156 748 1243 798 περὶ
1265 751 1332 786 τοῦ
1360 748 1556 797 ἀργυρίου,
1581 747 1724 785 ὁπόθεν
1750 749 1829 787 τοῖς

315 804 542 854 νομοθέταις
563 805 685 843 ἔσται.
746 804 847 845 Τοὺς
874 806 915 844 δὲ
939 804 1152 855 νομοθέτας
1179 803 1279 843 εἶναι
1308 805 1349 842 ἐκ
1377 806 1453 841 τῶν
1479 803 1735 852 ὀμωμοκότων
1760 802 1830 842 τὸν

315 860 543 910 ἡλιαστικὸν
568 861 694 910 ὅρκον·
730 861 799 899 ἐὰν
827 859 856 899 δ’
880 862 916 899 οἱ
943 859 1146 911 πρυτάνεις
1173 859 1222 909 μὴ
1244 863 1384 898 ποιῶσι
1411 858 1480 907 τὴν
1503 859 1728 907 ἐκκλησίαν,
1749 855 1771 906 ἢ
1793 859 1830 897 οἳ

315 919 495 967 πρόεδροι
529 916 579 965 μὴ
614 917 882 968 χρηματίσωσι
918 918 1014 955 κατὰ
1052 918 1099 955 τὰ
1132 915 1394 967 γεγραμμένα,
1432 915 1612 965 ὀφείλειν
1647 917 1723 952 τῶν
1757 914 1830 963 μὲν

314 972 539 1022 πρυτάνεων
563 973 728 1011 ἕκαστον
748 973 879 1023 χιλίας
902 974 1074 1024 δραχμὰς
1097 973 1200 1022 ἱερὰς
1226 973 1268 1026 τῇ
1289 970 1450 1023 Ἀθηνᾷ,
1473 974 1548 1009 τῶν
1570 971 1611 1009 δὲ
1633 969 1830 1020 προέδρων

315 1029 478 1069 ἕκαστος
499 1027 692 1078 ὀφειλέτω
713 1028 995 1078 τετταράκοντα
1016 1029 1189 1079 δραχμὰς
1210 1028 1313 1077 ἱερὰς
1333 1030 1377 1081 τῇ
1398 1026 1560 1078 Ἀθηνᾷ.
1617 1027 1690 1064 Καὶ
1712 1025 1829 1065 ἔνδει-

315 1088 371 1133 ξις
393 1085 517 1123 αὐτῶν
540 1085 637 1123 ἔστω
659 1083 754 1133 πρὸς
774 1084 860 1125 τοὺς
882 1084 1134 1133 θεσμοθέτας,
1159 1083 1330 1134 καθάπερ
1353 1083 1421 1122 ἐάν
1447 1099 1502 1123 τις
1529 1083 1628 1134 ἄρχῃ
1657 1082 1831 1132 ὀφείλων

316 1141 367 1193 τῷ
400 1141 577 1193 δημοσίῳ.
624 1141 676 1179 Οἱ
703 1141 744 1178 δὲ
771 1139 1006 1189 θεσμοθέται
1031 1140 1117 1180 τοὺς
1143 1140 1412 1191 ἐνδειχθέντας
1438 1139 1677 1189 εἰσαγόντων
1706 1139 1760 1178 εἷς
1787 1137 1830 1176 τὸ

316 1196 563 1246 δικαστήριον
597 1198 692 1234 κατὰ
724 1195 792 1235 τὸν
825 1197 957 1245 νόμον·
988 1194 1011 1244 ἢ
1041 1195 1092 1246 μὴ
1114 1196 1304 1235 ἀνιόντων
1335 1197 1389 1237 εἰς
1415 1196 1575 1245 νΑρειον
1607 1193 1749 1244 πάγον,
1782 1193 1832 1235 ὥς

318 1253 577 1293 καταλύοντες
598 1251 666 1300 τὴν
691 1253 960 1302 ἐπανόρθωσιν
982 1255 1057 1290 τῶν
1081 1252 1221 1301 νόμων.

378 1308 461 1358 Πρὸ
482 1310 523 1348 δὲ
544 1310 609 1357 τῆς
631 1309 838 1356 ἐκκλησίας
859 1310 879 1347 6
900 1309 1145 1357 βουλόμενος
1164 1306 1384 1357 Ἀθηναίων
1407 1309 1631 1356 νομοθετεῖν
1653 1304 1831 1345 ἐκτιθέτω

318 1365 490 1415 πρόσθεν
521 1368 597 1403 τῶν
628 1365 838 1414 ἐπωνύμων
868 1364 1025 1415 γράψας
1055 1364 1141 1404 τοὺς
1172 1364 1324 1413 νόμους,
1351 1362 1416 1403 οὓς
1449 1362 1498 1402 ἂν
1528 1365 1627 1412 τιθῇ,
1654 1363 1757 1403 ὅπως
1784 1361 1832 1401 ἂν

318 1420 414 1470 πρὸς
448 1420 488 1458 τὸ
524 1423 671 1469 πλῆθος
704 1423 780 1459 τῶν
810 1420 1002 1459 τεθέντων
1036 1421 1164 1469 νόμων
1193 1420 1417 1470 ψηφίσηται
1449 1420 1469 1457 6
1503 1421 1619 1467 δῆμος
1647 1418 1734 1468 περὶ
1767 1420 1833 1457 τοῦ

318 1478 462 1529 χρόνου
493 1481 570 1518 τοῖς
598 1475 836 1526 νομοθέταις.
896 1475 945 1516 Ὁ
974 1478 1014 1515 δὲ
1036 1475 1153 1517 τιθεὶς
1184 1476 1251 1514 τὸν
1284 1475 1415 1514 καινὸν
1448 1475 1567 1524 νόμον
1598 1473 1833 1525 ἀναγράψας

320 1535 374 1573 εἰς
414 1534 593 1582 λεύκωμα
633 1532 811 1571 ἐκτιθέτω
852 1533 1025 1583 πρόσθεν
1065 1535 1140 1571 τῶν
1181 1532 1392 1581 ἐπωνύμων
1432 1530 1634 1581 ὁσημέραι,
1675 1530 1745 1571 ἕως
1785 1529 1833 1569 ἂν

321 1590 510 1638 ἐκκλησία
530 1588 699 1639 γένηται.

379 1646 581 1695 Αἱρεῖσθαι
611 1647 651 1683 δὲ
675 1645 735 1683 καὶ
757 1645 843 1686 τοὺς
868 1642 1319 1694 συναπολογησαμένους
1346 1642 1413 1681 τὸν
1434 1645 1554 1692 δῆμον
1581 1646 1660 1683 τοῖς
1691 1642 1833 1691 νόμοις,

320 1701 357 1739 οἳ
374 1700 422 1740 ἂν
439 1702 481 1740 ἐν
502 1704 581 1741 τοῖς
604 1700 829 1749 νομοθέταις
850 1701 1033 1746 λύωνται,
1052 1700 1166 1738 πέντε
1189 1701 1330 1749 ἄνδρας
1353 1700 1392 1747 ἐξ
1410 1697 1631 1747 Ἀθηναίων
1653 1697 1835 1737 ἁπάντων

321 1759 363 1806 τῇ
386 1756 569 1810 ἑνδεκάτῃ
592 1760 658 1795 τοῦ
679 1755 1022 1806 Ἑκατομβαιῶνος
1042 1757 1173 1805 μηνός.

380 1846 438 1885 ΙΙ.
477 1845 632 1886 Statim
664 1846 748 1885 suis
781 1845 909 1899 ipsius
940 1845 1076 1885 verbis
1110 1849 1254 1885 orator
1289 1858 1431 1884 rursus
1467 1843 1639 1897 exponit
1671 1856 1836 1883 sensum

320 1902 433 1956 legis,
458 1916 583 1955 quam
604 1902 925 1956 allegaverat—
942 1914 1036 1954 707,
1062 1914 1183 1951 24—-
1199 1901 1291 1953 708,
1315 1914 1354 1953 5.

382 1980 455 2018 Καὶ
477 1983 628 2030 πρῶτον
655 1981 727 2029 μὲν
754 1979 814 2030 ἐφ’
837 1981 926 2028 ὑμῖν
955 1980 1145 2028 ἐποίησαν
1172 1979 1494 2030 διαχειροτονίαν,
1528 1978 1693 2027 πότερον
1721 1978 1838 2016 εἰσοι-

323 2035 433 2077 στέος
455 2037 539 2074 ἐστὶ
561 2036 677 2084 νόμος
697 2035 841 2082 καινὸς,
864 2034 886 2084 ἢ
909 2038 1089 2074 δοκοῦσιν
1117 2036 1250 2085 ἀρκεῖν
1275 2035 1312 2073 οἱ
1340 2035 1520 2082 κείμενοι.
1584 2034 1698 2071 Μετὰ
1719 2037 1838 2072 ταῦτα

323 2092 371 2130 ἂν
392 2090 692 2142 χειροτονήσητε
715 2091 930 2141 εἰσφέρειν,
948 2091 1015 2129 οὐκ
1048 2091 1157 2131 εὐθὺς
1179 2089 1326 2129 τιθέναι
1357 2087 1620 2139 προσέταξαν,
1645 2089 1751 2127 ἀλλὰ
1769 2088 1840 2138 τὴν

323 2148 453 2196 τρίτην
482 2145 686 2195 ἀπέδειξαν
716 2148 938 2195 ἐκκλησίαν·
972 2147 1034 2185 καὶ
1059 2147 1139 2185 οὐδ’
1163 2147 1205 2185 ἐν
1234 2147 1350 2198 ταύτῃ
1376 2146 1536 2191 τιθέναι,
1560 2145 1667 2183 ἀλλὰ
1689 2142 1839 2195 σκέψα-

325 2206 417 2241 σθαι
445 2201 526 2241 καθ’
550 2202 623 2248 ὅ,τι
650 2202 737 2243 τοὺς
767 2201 978 2250 νομοθέτας
1007 2204 1203 2240 καθεδεῖτε
1236 2200 1335 2253 [imo
1365 2199 1563 2252 καθιεῖτε].
1623 2198 1696 2238 Ἐν
1725 2201 1766 2238 δὲ
1787 2200 1839 2252 τῷ

323 2258 466 2306 μεταξὺ
487 2258 615 2310 χρόνῳ
647 2257 894 2307 προσέταξαν
920 2261 998 2298 τοῖς
1022 2256 1284 2306 βουλομένοις
1313 2255 1512 2306 εἰσφέρειν
1535 2255 1726 2294 ἐκτιθέναι
1753 2255 1841 2296 τοὺς

326 2314 464 2362 νόμους
484 2314 658 2363 πρόσθεν
678 2316 753 2352 τῶν
776 2314 999 2362 ἐπωνύμων,
1021 2311 1068 2351 ἵν’
1092 2313 1111 2351 6
1133 2312 1376 2361 βουλόμενος
1397 2311 1605 2361 σκέψηται,
1629 2310 1700 2349 κᾶν
1722 2311 1840 2360 ἀσύμ-

325 2374 450 2419 φορον
470 2369 560 2417 ὑμῖν
581 2385 615 2407 τι
638 2370 782 2422 κατίδῃ,
807 2369 953 2422 φράσῃ,
979 2368 1039 2407 καὶ
1061 2369 1156 2407 κατὰ
1179 2366 1333 2419 σχολὴν
1356 2367 1530 2420 ἀντείπῃ.

384 2455 467 2494 ΙΙΙ.
501 2456 807 2495 Demosthenes
829 2455 870 2494 in
894 2454 1115 2508 Leptinen]
1135 2470 1142 2493 :

894 2524 947 2561 A.
988 2521 1085 2572 484,
1109 2534 1132 2572 9
1145 2544 1197 2551 —
1212 2521 1274 2559 16.

383 2587 495 2627 Ἀλλ’
527 2590 546 2627 ὁ
579 2589 758 2635 παλαιὸς,
784 2588 829 2628 ὃν
861 2588 970 2628 οὗτος
998 2587 1211 2639 (Λεπτίνης
1236 2585 1380 2637 scilic.)
1410 2584 1576 2636 παρέβη,
1601 2586 1718 2634 νόμος
1745 2585 1842 2624 οὕτω

329 2645 478 2683 κελεύει
516 2647 752 2693 νομοθετεῖν·
804 2643 1028 2694 γράφεσθαι
1064 2644 1150 2691 μὲν,
1183 2642 1231 2680 ἄν
1267 2643 1323 2682 τίς
1359 2658 1446 2680 τινα
1480 2644 1554 2680 τῶν
1587 2640 1844 2692 ὑπαρχόντων

329 2701 456 2748 νόμων
486 2700 537 2749 μὴ
570 2703 696 2740 καλῶς
729 2700 836 2750 ἔχειν
867 2699 1018 2749 ἡγῆται,
1051 2696 1331 2748 παρεισφέρειν
1362 2697 1392 2735 δ’
1424 2696 1534 2736 αὐτὸς
1567 2696 1706 2743 ἄλλον,
1738 2696 1844 2734 λύων

330 2756 492 2799 ἐκεῖνον,
536 2757 631 2804 ὑμᾶς
667 2754 696 2794 δ’
735 2755 979 2795 ἀκούσαντας
1016 2754 1179 2793 ἑλέσθαι
1208 2752 1277 2791 τὸν
1309 2753 1477 2802 κρείττω.
1539 2752 1598 2791 Οὐ
1634 2753 1709 2801 γὰρ
1747 2749 1843 2804 ᾤετο

331 2813 412 2849 δεῖν
434 2812 454 2848 6
477 2812 607 2849 Σόλω
621 2827 641 2849 ν
662 2812 682 2849 6
704 2813 841 2849 τοῦτον
863 2809 930 2848 τὸν
951 2810 1094 2860 τρόπον
1115 2809 1334 2859 προστάξας
1352 2810 1578 2856 νομοθετεῖν
1600 2810 1680 2846 ete.

375 2940 391 2962 ¹¹
409 2941 680 2979 [ἀποχειροτονίαν
693 2941 773 2971 male
791 2943 893 2979 posuit
910 2941 1118 2980 schellingius
1134 2951 1191 2980 pro
1209 2940 1464 2980 ἐπιχειροτονίαν,
1475 2941 1512 2971 (le
1525 2950 1586 2979 quo
1599 2940 1681 2970 infra
1692 2937 1838 2976 dicetur]
