1997 3256
528 167 849 208 ADVERSUS
882 168 1382 211 ARISTOCRATEM.
1629 175 1710 217 955

199 285 238 323 9.
260 286 297 325 p.
320 284 344 325 3
349 285 415 325 59.
479 272 668 326 Denique
690 272 799 313 idem
827 273 892 314 ille
917 275 1205 330 Hermogenes
1226 277 1302 316 vol.
1325 289 1363 330 3.
1386 291 1425 329 p.
1447 289 1543 329 413-
1566 277 1713 316 sumsit

198 327 288 367 illos
308 327 420 367 locos
442 327 483 366 in
505 328 737 382 exemplum
759 333 825 379 τῆς
847 330 1134 382 ἐπαναλήψεως
1156 332 1218 371 ἐπὶ
1239 335 1420 386 διαβολῇ,
1444 332 1542 385 quia
1562 346 1713 371 nomen

199 383 451 430 Charidemi,
473 398 554 436 quo
574 384 741 438 gravior
761 386 880 426 ficret
902 386 1049 434 oratio,
1072 387 1271 427 iteratum
1293 388 1361 427 sit.
1399 389 1451 426 W
1461 389 1496 427 1⁴]
1506 389 1640 427 BER.

255 441 350 490 690,
382 451 444 493 25.
481 439 570 479 ἀλλ’
603 442 660 480 ὅτι
695 442 756 480 καὶ
786 442 941 481 πάντων
978 442 1211 496 ἀνθρώπων]
1251 443 1397 496 Pergit
1429 443 1711 497 comparando

196 494 523 548 indignationem
555 510 718 536 movere
749 512 798 536 eo
827 497 1011 545 consilio,
1034 503 1081 537 ut
1109 498 1216 538 cives
1239 498 1279 537 id
1312 513 1362 537 ne
1394 499 1624 551 perficiant,
1661 499 1712 538 de

198 565 279 603 quo
325 550 667 591 deliberationem
715 553 942 592 habebant.
1026 554 1094 592 Ad
1140 554 1217 593 1100
1258 554 1594 606 potentissimum
1634 554 1712 593 1100

196 606 343 646 ultimo
374 607 464 646 loco
498 607 539 646 id
576 622 665 647 0880
697 609 853 655 debuit,
887 609 997 661 quod
1028 623 1135 661 quae
1167 609 1209 648 in
1240 609 1360 648 simili
1392 624 1436 649 re
1466 611 1576 662 apud
1608 609 1711 649 alios

196 663 370 716 populos
391 663 657 703 laudabiliter
677 665 790 704 facta
811 669 944 711 erant,
969 664 1072 704 scite
1094 665 1244 705 extulit
1261 665 1451 717 civesque
1472 665 1599 705 etiam
1620 665 1717 706 aliis.

196 718 367 758 Graecis
388 719 550 772 pejores
571 719 741 759 consilio
763 719 882 760 dixit.
944 719 1039 759 Hac
1060 725 1153 760 arte
1181 735 1479 774 saepenumero
1508 735 1605 761 usus
1634 726 1710 769 est,

195 774 322 814 veluti
356 774 397 813 in
429 775 506 814 hac
539 775 730 815 oratione
766 790 803 828 p.
834 777 929 829 656.
966 775 1017 814 de
1052 776 1138 815 reb.
1176 776 1421 816 Chersones.
1461 791 1500 829 p.
1534 787 1624 831 105.
1660 777 1711 817 de

196 829 331 870 Rhod.
367 845 407 883 p.
435 836 526 883 190.
562 846 594 870 s.
630 846 664 870 0.
700 831 864 884 Leptin.
901 846 942 884 p.
966 833 1063 879 4'0'1.
1098 831 1140 870 in
1174 832 1400 872 Timocrat.
1432 847 1471 885 p.
1497 845 1592 884 744.
1620 832 1711 872 aliis

194 885 306 925 locis.
360 886 504 939 Neque
525 887 886 940 praetereundum,
910 887 1020 940 quod
1042 887 1083 926 in
1105 888 1183 927 11αο
1204 888 1516 941 comparatione
1537 888 1711 942 populos

196 942 524 982 Atheniensibus
563 942 632 981 illo
672 946 860 996 tempore
901 942 1053 982 invisos
1101 948 1418 997 contemtosque
1462 944 1707 997 composuit.

194 997 402 1037 Acerbius
446 998 653 1038 Isocrates
694 999 745 1037 de
785 1013 887 1052 pace
928 1013 967 1052 p.
1001 1001 1089 1049 169.
1132 999 1460 1039 Atheniensibus
1496 1014 1709 1053 opponens

193 1053 396 1093 barbaros
428 1054 694 1106 reprehendit
727 1054 892 1094 dicens:
931 1057 1027 1107 ῥᾷον
1051 1057 1306 1106 μεταδίδομεν
1337 1060 1419 1097 τοῖς
1450 1056 1711 1106 βουλομένοις

192 1111 328 1159 ταύτης
348 1112 414 1158 τῆς
437 1110 634 1160 εὐγενείας
654 1109 676 1159 ἢ
693 1112 916 1161 Τριβαλλοὶ
939 1112 1001 1150 καὶ
1023 1113 1214 1151 Λευκανοὶ
1234 1115 1299 1161 τῆς
1320 1113 1445 1151 αὑτῶν
1467 1113 1707 1162 δυσγενείας.

194 1165 419 1204 Afferenda
440 1170 537 1205 sunt
558 1165 599 1204 in
622 1166 729 1206 hanc
750 1180 836 1205 rem
859 1166 1069 1206 Ciceronis
1091 1167 1218 1207 verba
1246 1168 1297 1206 de
1322 1167 1559 1207 inventione
1586 1182 1617 1213 1,
1639 1181 1708 1219 54.

192 1221 439 1273 exponentis
462 1221 534 1268 ibi,
557 1236 606 1260 ex
630 1222 779 1274 quibus
801 1222 900 1262 10018
921 1222 1155 1276 indignatio
1176 1223 1403 1263 tractanda
1425 1223 1491 1270 811,
1515 1222 1584 1262 ubi
1607 1223 1709 1262 haec

191 1282 405 1316 extrema:
447 1283 469 1298 ⁴²
493 1277 861 1328 Quintusdecimus
896 1278 1011 1317 100118
1045 1283 1120 1325 081,
1152 1293 1227 1331 per
1259 1293 1381 1332 quem
1415 1278 1600 1325 dicimus,
1635 1278 1709 1317 ini-

190 1332 307 1371 micis
340 1347 504 1385 quoque
546 1338 587 1373 et
629 1334 819 1373 hostibus
860 1348 920 1381 ea,
958 1348 1065 1386 quae
1106 1334 1226 1373 nobis
1262 1334 1504 1381 acciderint,
1538 1333 1708 1388 indigna

191 1387 319 1427 videri
355 1389 498 1428 solere.
567 1389 623 1428 Et
659 1389 891 1443 indignatio
927 1390 992 1428 his
1028 1390 1113 1429 fere
1149 1390 1199 1429 de
1234 1390 1333 1429 locis
1367 1390 1610 1443 gravissime
1643 1404 1709 1429 su-

189 1444 364 1483 meturff'
397 1444 455 1482 W
462 1444 630 1483 EBER.

248 1501 343 1551 690,
376 1513 440 1551 27.
476 1500 686 1551 Αἰγινήτας
718 1503 791 1550 μὲν
824 1502 1021 1552 τουτουσὶ]
1060 1501 1225 1541 indicat
1258 1515 1487 1554 pronomen
1519 1500 1709 1541 homines

190 1555 440 1603 notissimos,
467 1570 549 1594 11011
583 1555 670 1596 sine
703 1561 929 1604 contemtu,
957 1571 1079 1610 quem
1108 1557 1223 1596 vultu
1255 1562 1297 1597 et
1325 1572 1422 1597 voce
1454 1557 1708 1609 expresserit

190 1616 345 1650 Orator.
389 1611 548 1651 Eodem
570 1613 694 1651 modo
715 1628 754 1666 p.
779 1615 874 1665 691.
895 1612 1076 1660 Ὠρείτας
1098 1614 1280 1654 ἐκείνους.
1299 1627 1338 1666 p.
1360 1627 1449 1666 113.
1472 1617 1551 1654 τοῖς
1572 1619 1708 1652 ταλαι-

189 1668 330 1718 πώροις
350 1667 546 1715 Ὠρείταις
567 1670 749 1707 τουτοισί.
767 1683 806 1721 p.
825 1671 922 1721 364.
945 1669 1033 1710 τοὺς
1055 1669 1290 1719 καταράτους
1314 1669 1494 1718 Εὐβοέας
1515 1671 1706 1709 τουτουσί.

189 1737 226 1775 p.
254 1735 346 1770 204.
416 1723 464 1762 In
499 1723 741 1777 Aegineta&
778 1723 874 1776 quia
912 1724 1044 1763 classe
1076 1724 1273 1763 valebant
1313 1738 1537 1778 eorumque
1574 1724 1707 1764 insula

189 1784 363 1831 propter
397 1778 755 1832 propinquitatem
797 1780 944 1819 Piraeo
978 1779 1100 1819 nimis
1140 1780 1385 1820 imminebat
1426 1785 1469 1820 et
1507 1779 1612 1819 alias
1653 1781 1706 1819 ob

188 1848 356 1873 caussas
386 1835 666 1874 Athenienses
692 1835 1005 1875 acerbissimum
1038 1835 1179 1874 odium
1207 1840 1555 1889 exprompserunt
1581 1835 1705 1876 variis

188 1890 446 1943 temporibus
479 1895 522 1930 et
552 1890 677 1930 variis
710 1890 857 1930 modis.
927 1891 980 1930 V.
1016 1891 1073 1928 W
1079 1890 1279 1930 iniewskii
1315 1896 1535 1931 comment.
1572 1906 1612 1945 p.
1645 1905 1706 1943 19.

192 1945 424 1984 WEssER.

246 2002 340 2053 690.
370 2014 432 2054 29.
467 2001 643 2055 Λάμπιν]
683 2002 797 2042 Citat
828 2002 867 2041 h.
897 2002 921 2041 1.
959 2002 1224 2042 B'linucianus
1257 2002 1334 2042 vol.
1364 2017 1401 2056 9.
1433 2017 1473 2055 p.
1497 2003 1605 2055 603..
1635 2003 1705 2042 ubi

189 2056 378 2109 disputat
415 2057 465 2096 de
500 2071 561 2103 eo.
590 2058 707 2110 cujus
740 2057 905 2111 generis
938 2059 1127 2112 exempla
1159 2073 1248 2098 esse
1280 2059 1474 2098 debeant.
1509 2060 1543 2097 εἰ
1573 2060 1614 2098 δὲ
1644 2059 1706 2098 καὶ

188 2114 397 2163 πόρρωθεν,
432 2112 580 2165 inquit,
618 2114 874 2163 λαμβάνοιτο,
913 2117 972 2153 δεῖ
1009 2115 1105 2154 αὐτὰ
1144 2115 1360 2165 προσάγειν
1395 2115 1445 2167 τῷ
1487 2116 1606 2167 λόγῳ,
1645 2115 1706 2154 καὶ

186 2169 306 2217 μηδὲν
329 2170 369 2217 ἐξ
391 2169 539 2217 ἀδόξων
564 2169 854 2218 λαμβάνεσθαι,
880 2171 969 2209 ἀλλ’
990 2169 1013 2219 ἢ
1034 2172 1082 2209 τὰ
1102 2171 1307 2220 πρόσωπα,
1328 2168 1350 2219 ἢ
1373 2171 1419 2209 τὰ
1441 2169 1659 2221 πράγματα,
1683 2169 1706 2219 ἢ

188 2225 249 2262 καὶ
271 2225 472 2273 ἀμφότερα
495 2225 632 2273 ἔνδοξα
654 2225 765 2264 εἶναι·
798 2226 1001 2276 ἀμφότερα
1027 2227 1099 2275 μὲν
1121 2227 1259 2275 ἔνδοξα
1288 2227 1330 2264 ἐν
1353 2227 1486 2278 ἐκείνῳ
1511 2227 1562 2279 τῷ
1584 2242 1705 2276 παρα-

187 2280 611 2330 δείγματι.--ἔνδοξον
653 2282 693 2320 δὲ
733 2281 777 2319 τὸ
817 2285 976 2332 πρᾶγμα
1014 2283 1137 2331 μόνον
1172 2282 1215 2320 τὸ
1259 2287 1282 2303 ‘⁶
1300 2281 1457 2330 Λάμπιν
1498 2282 1707 2332 Αἰγινήτας

189 2335 441 2383 κοσμήσαντα
468 2336 511 2374 τὸ
534 2337 719 2385 ἐμπόριον
747 2337 875 2378 αὐτοῖς
901 2337 951 2386 μὴ
978 2340 1213 2386 πεποιῆσθαι
1240 2339 1417 2385 πολίτην,
1444 2338 1539 2385 μηδὲ
1570 2340 1705 2387 Μεγα-

186 2389 478 2440 ρέας“Ερμωνα
504 2391 573 2429 τὸν
602 2391 852 2441 κυβερνήτην·
886 2395 933 2431 τὰ
960 2394 1033 2441 μὲν
1061 2395 1135 2442 γὰρ
1164 2393 1353 2442 πρόσωπα
1379 2394 1506 2442 μικρὰ,
1536 2392 1578 2430 τὸ
1601 2393 1642 2430 δὲ
1663 2393 1705 2431 ἐν

187 2447 335 2486 τούτοις
368 2447 549 2495 φρόνημα
581 2447 625 2484 οὐ
657 2449 806 2495 μικρόν.
872 2447 1053 2500 Lampis,
1081 2448 1259 2487 fortasse
1292 2447 1400 2486 idem
1437 2447 1505 2499 qui
1542 2462 1580 2499 p.
1607 2448 1702 2497 918.

186 2505 549 2540 commemoratur.
588 2501 818 2541 WEHER.

245 2559 339 2609 691,
371 2570 400 2594 1.
427 2556 703 2609 κατεσκεύακε]
731 2558 913 2597 Ονηαι·ἱ1“.
939 2558 991 2596 V.
1015 2573 1053 2611 p.
1078 2560 1171 2611 689,
1203 2571 1262 2609 15.
1292 2559 1352 2597 18.
1386 2557 1632 2611 SCHAEF.

245 2622 339 2663 091.
356 2625 394 2664 3.
416 2613 528 2660 μόλις
549 2615 614 2660 τῆς
635 2613 815 2654 ἀτελείας
836 2614 953 2652 αὐτὸν
974 2614 1177 2662 ἠξιωκέναι
1197 2617 1261 2661 τῆς
1282 2616 1348 2652 τοῦ
1368 2612 1580 2666 μετοικίου]
1606 2613 1701 2653 Hoc

188 2667 465 2707 immunitatis
504 2682 634 2720 genus
671 2667 781 2706 inter
815 2674 968 2715 cetera,
1006 2683 1111 2721 quae
1152 2673 1541 2713 commemorantur.
1576 2669 1703 2709 veluti

188 2723 373 2776 portorii,
402 2723 679 2776 liturgiarum.
706 2723 917 2763 rarissime
945 2724 1165 2764 invenitur.
1229 2724 1405 2763 Praeter
1431 2724 1539 2763 hunc
1567 2724 1702 2764 locum

193 2779 422 2817 Boeckhius
445 2779 582 2818 Oecon
626 2779 728 2818 Ath.
753 2779 827 2818 vol.
859 2793 888 2818 1.
912 2794 950 2832 p.
974 2790 1070 2833 354.
1093 2780 1213 2818 affert
1239 2780 1454 2819 Marmora
1476 2780 1610 2819 Oxon.
1635 2791 1699 2829 24,

187 2847 254 2887 35.
277 2835 338 2873 ed.
364 2834 537 2874 Chandl.
574 2834 806 2873 WEBER.

245 2891 339 2942 691,
370 2905 408 2939 4.
451 2891 512 2929 καὶ
554 2889 765 2941 Μεγαρέας
805 2891 982 2930 τουτουσὶ
1021 2891 1107 2932 τοὺς
1149 2891 1400 2943 καταράτους]
1445 2890 1562 2931 Uitat
1602 2890 1642 2929 h.
1675 2891 1700 2930 1.

193 2946 368 2999 Apsines
399 2946 474 2984 vol.
500 2960 535 2999 9.
569 2961 604 2998 p.
629 2947 721 2998 518.
759 2960 936 2991 sensum,
963 2960 1042 2985 non
1071 2947 1193 2986 verba
1218 2946 1464 2999 exprimens,
1489 2951 1529 2986 et
1555 2946 1700 2986 eadem
