1997 3256
714 158 775 197 IN
809 158 1065 199 MIDIAM.
1569 163 1647 203 781

134 277 276 303 omnes
300 263 384 303 fere
413 263 669 303 consensisse
697 264 902 313 videntur,
925 269 985 313 ut,
1009 265 1041 304 si
1066 265 1204 318 plures
1229 265 1328 305 deos
1358 273 1646 320 agnoscerent,

134 333 339 358 summum
362 319 567 371 quendam
590 319 710 359 deum
740 326 971 361 ceterorum
998 335 1138 374 regem
1166 326 1402 361 statuerent
1430 322 1548 376 eique
1575 337 1649 362 ux-

134 389 247 414 orem
269 374 544 428 assignarent.
605 376 680 416 Cui
710 377 811 416 (leae
834 376 911 416 nisi
940 377 1106 416 aliunde
1133 391 1282 416 nomen
1304 377 1574 426 adhaesisset,
1598 393 1649 418 ex

132 430 222 483 ipso
243 430 382 470 mariti
404 430 567 470 nomine
589 431 686 470 illud
709 432 914 472 deflexum
936 438 1012 472 est.
1055 433 1207 485 Itaque
1228 447 1278 472 ex
1295 434 1396 472 ‚lore
1411 434 1650 474 formabant

132 487 339 531 chnonem,
374 486 454 535 Ζὴυ
483 487 686 526 deflexum
724 492 787 527 est
829 488 869 527 in
908 490 1034 533 Ζαυὼ,
1071 493 1114 528 et
1154 488 1212 528 sie
1249 502 1331 527 non
1368 488 1513 529 dubito
1549 489 1647 543 quin

135 541 301 595 Pelasgi
322 541 498 594 antiqui,
521 558 545 582 a
569 543 718 595 quibus
740 543 903 583 oriundi
933 543 1134 596 Epirotae
1156 548 1198 583 et
1225 544 1454 590 Dodonaei,
1478 559 1650 584 uxorem

133 601 201 636 τοῦ
229 598 323 639 Διὸς
353 597 535 638 dixerint
563 600 730 649 Διώνην,
760 614 866 653 quae
897 599 1065 639 nomina
1096 599 1235 638 omnia
1262 599 1362 638 nihil
1394 599 1594 640 differunt
1623 616 1649 640 a

135 653 239 694 Θεὸς
271 658 312 692 et
344 652 506 692 Oe'acva.
573 654 694 693 Uxor
729 655 856 708 igitur
883 655 912 694 ,J
917 655 1015 703 ovis,
1048 669 1155 708 quae
1183 654 1275 694 aliis
1304 654 1499 708 gentibus
1524 656 1648 704 szo,

133 708 322 761 Epirotis
357 708 435 747 fuit
469 709 630 755 Ι)10110;
677 716 719 749 et
753 710 810 749 sic
838 710 983 750 melius
1017 710 1280 763 explicantur
1312 710 1467 749 nummi
1502 710 1650 763 Epiro-

133 769 285 810 tarum,
318 764 386 817 qui
418 780 570 811 omnes,
605 780 685 805 non
719 766 1043 805 Dodonaeorum
1077 766 1220 812 solum,
1243 766 1280 805 J
1282 765 1380 805 ovis
1405 772 1450 805 et
1471 766 1651 806 Diones

133 820 308 873 effigiem
332 821 510 873 junctim
536 821 735 861 exhibent
769 825 823 871 (v.
848 822 1029 861 Gronov.
1055 822 1080 861 1.
1103 824 1156 871 0.)
1191 836 1316 874 (11111111
1347 821 1379 860 51
1412 821 1649 861 inferiorem

131 876 314 928 aliquam
355 876 487 921 deam,
518 891 625 929 quae
656 892 752 916 casu
790 877 831 915 111
864 877 1081 917 Dodonaei
1113 877 1257 930 templi
1289 882 1332 917 et
1367 877 1522 917 oraculi
1553 892 1649 918 con-

133 932 310 971 sortium
333 932 505 979 venerit,
531 932 695 971 Dionen
718 933 875 972 credas

190 987 308 1027 Haec
350 988 505 1026 dudum
546 1003 570 1027 a
611 1003 677 1027 me
716 988 933 1042 disputata
977 988 1224 1028 confirmata
1273 988 1510 1041 nuperrime
1549 993 1649 1029 sunt

131 1043 285 1083 scholio
307 1043 359 1083 ad
382 1043 611 1097 Odyssean]
635 1043 687 1091 Γ’,
707 1058 773 1095 91.
796 1044 865 1084 ubi
894 1045 1072 1084 relatum
1099 1048 1177 1092 est,
1200 1044 1491 1098 Amphitriten
1513 1059 1538 1085 a
1560 1045 1649 1098 qui-

130 1100 306 1139 busdam
328 1099 491 1152 populis
513 1100 769 1140 nominatam
791 1115 880 1139 esse
902 1102 1186 1146 Ποσειδωνίαυ,
1204 1101 1252 1141 ὡς
1269 1101 1329 1139 καὶ
1345 1099 1488 1151 ἡ“Ηρα
1506 1102 1647 1150 Διαίυη

130 1158 235 1206 παρὰ
265 1158 522 1201 Δωδωναίοις,
555 1156 679 1209 idque
708 1156 951 1209 Apollodori
984 1156 1225 1196 testimonio
1261 1156 1467 1196 firmatur.
1529 1156 1650 1196 Sitne

130 1216 271 1251 autem
290 1226 386 1251 vera
403 1211 529 1251 etiam
552 1212 652 1252 haec
674 1212 852 1252 nominis
869 1213 1001 1252 forma
1020 1213 1174 1262 Aestiva,
1188 1226 1241 1251 an
1263 1212 1460 1252 mendose
1480 1216 1647 1252 tantum

131 1267 354 1321 exscripta,
377 1267 549 1307 definire
571 1268 693 1307 hodie
714 1283 795 1307 non
818 1268 1020 1322 experiar.

188 1323 358 1362 Dudum
393 1338 418 1363 a
452 1324 596 1376 peritis
636 1325 903 1364 observatum
945 1329 1020 1370 est,
1058 1323 1357 1377 mythologiam
1392 1324 1649 1363 Graecorum

130 1379 363 1433 congeriem
392 1394 480 1419 esse
506 1380 895 1427 diversissimarum‚
925 1380 975 1420 de
1008 1379 1155 1419 iisdem
1186 1394 1308 1433 saepe
1336 1380 1471 1427 rebus,
1504 1379 1648 1433 imagi-

130 1449 229 1474 num
265 1440 308 1475 et
343 1436 588 1475 fabularum.
652 1436 812 1489 Quippe
849 1436 883 1475 is
917 1440 1008 1476 erat
1033 1450 1123 1474 mos
1158 1435 1426 1488 antiquarum
1459 1435 1649 1489 gentium

131 1496 173 1531 et
213 1491 415 1544 imprimis
457 1492 726 1539 Graecorum,
768 1497 815 1531 ut
856 1492 1011 1531 nullam
1051 1505 1184 1544 neque
1223 1491 1429 1544 majorum
1465 1505 1646 1539 suorum,

130 1561 262 1600 neque
288 1547 543 1601 singularum
575 1563 672 1588 suae
700 1548 836 1601 gentis
873 1548 1070 1591 tribuum,
1103 1561 1237 1600 neque
1267 1547 1372 1587 adeo
1409 1551 1648 1586 exterarum

130 1603 358 1651 nationum,
400 1603 653 1657 religionem,
696 1604 851 1644 nullam
891 1603 1241 1658 superstitionem,
1279 1603 1434 1642 nullum
1474 1605 1649 1656 poeseos

129 1659 378 1712 antiquioris
417 1660 662 1713 figmentum
713 1674 788 1713 pro
829 1675 936 1700 vano
982 1673 1153 1713 prorsus
1193 1660 1411 1707 haberent,
1448 1659 1520 1698 sed
1559 1658 1644 1698 suis

131 1716 324 1768 quodque
345 1715 485 1769 potius
512 1716 781 1769 religionibus
807 1716 1075 1769 historiisque
1096 1715 1401 1754 immiscerent:
1436 1728 1485 1754 ea
1505 1719 1648 1754 tamen

131 1771 243 1811 velut
264 1772 366 1825 lege,
390 1776 448 1819 ut,
473 1786 576 1824 quos
599 1772 766 1824 quidem
794 1773 893 1812 deos
921 1772 1005 1811 suis
1033 1771 1339 1824 quodammodo
1365 1770 1518 1810 similes
1538 1770 1648 1810 vide-

130 1832 236 1875 rent,
269 1842 345 1880 pro
382 1827 538 1876 iisdem,
571 1828 649 1867 etsi
686 1828 849 1867 diverso
885 1827 1062 1875 nomine,
1097 1827 1328 1872 haberent3
1371 1826 1403 1865 si
1435 1840 1532 1866 vero
1563 1825 1650 1865 suis

131 1883 280 1922 fabulis
307 1898 366 1931 ea,
391 1898 496 1936 quae
524 1885 578 1923 ab
607 1883 697 1923 aliis
726 1884 886 1923 tradita
913 1888 1066 1930 essent,
1089 1883 1210 1936 plane
1241 1896 1472 1936 repugnare
1500 1881 1650 1921 intelli-

130 1944 289 1993 gerent,
323 1939 507 1979 diversos
537 1954 659 1993 saepe
685 1940 795 1986 deos,
827 1939 896 1993 qui
925 1954 1069 1978 revera
1099 1939 1223 1978 iidem
1251 1943 1384 1986 erant,
1417 1938 1649 1977 crederent.

133 1995 350 2034 Posterius
386 1995 516 2048 igitur
550 1996 627 2035 1100
660 2002 750 2035 tum
786 2010 951 2049 quoque
984 1995 1032 2034 iis
1072 1994 1238 2040 accidit,
1278 2008 1371 2032 cum
1411 1993 1495 2033 sive
1530 2007 1649 2046 reges

131 2051 304 2090 deorum
336 2051 516 2091 traditos
549 2051 792 2098 invenirent,
823 2051 892 2104 qui
928 2065 1021 2090 011111
1054 2050 1176 2097 Jove,
1211 2050 1295 2089 sive
1328 2063 1479 2089 uxores
1514 2049 1543 2088 J
1548 2049 1646 2097 ovis,

132 2121 237 2160 quae
258 2121 352 2146 cum
373 2107 401 2146 J
408 2121 541 2146 unone
568 2107 731 2147 mist-eri
757 2121 838 2146 non
866 2121 988 2160 posse
1009 2106 1262 2145 viderentur.
1326 2105 1408 2145 Sed
1430 2119 1537 2144 nova
1557 2109 1647 2144 tum

132 2162 343 2202 existebat
364 2162 610 2208 difficultas;
644 2163 782 2216 plures
804 2163 914 2202 enim
940 2176 1060 2213 reges
1084 2161 1300 2215 reginasve
1321 2160 1544 2200 admittere
1565 2174 1648 2199 non

131 2222 342 2271 poterant.
405 2222 539 2269 Quam
571 2218 632 2258 ita
672 2219 894 2258 removisse
933 2217 1034 2257 mihi
1066 2217 1259 2257 videntur
1293 2216 1565 2269 antiquiores,
1599 2220 1649 2255 ut

134 2274 233 2313 deos
255 2274 344 2313 illos
362 2289 557 2327 regnasse
580 2274 759 2327 quidem,
779 2274 850 2313 sed
867 2289 892 2313 a
909 2273 1016 2313 Jove
1037 2288 1111 2312 suo
1128 2273 1259 2312 victos
1280 2272 1475 2324 caeloque
1495 2272 1647 2324 pulsos,

133 2330 232 2369 deas
254 2344 347 2369 cum
368 2330 474 2369 Jove
495 2344 714 2369 consuesse
736 2330 914 2383 quidem,
938 2334 984 2369 at
1005 2328 1211 2382 legitimas
1232 2341 1383 2366 uxores
1405 2341 1487 2365 non
1508 2327 1647 2374 fuisse,

134 2386 344 2425 docerent.
407 2385 464 2425 Et
486 2386 599 2431 haec,
623 2385 664 2423 ni
686 2385 815 2433 fallor,
835 2399 932 2424 vera
953 2388 1016 2424 est
1038 2384 1154 2437 origo
1175 2383 1340 2423 fabulae
1362 2383 1412 2421 de
1438 2382 1650 2422 Titanibus

133 2441 248 2481 caelo
282 2441 478 2489 turbatis,
509 2450 552 2480 et
583 2441 634 2480 de
660 2441 776 2479 Jovc's
807 2439 1028 2480 concubinis
1058 2439 1119 2484 iis,
1149 2453 1255 2491 quae
1286 2438 1396 2477 inter
1428 2438 1647 2484 Titanidos,

135 2497 246 2536 Caeli
280 2496 397 2541 filias,
431 2501 473 2535 et
508 2496 617 2535 inter
649 2496 847 2535 Titanum
878 2495 982 2534 filias
1014 2495 1316 2540 referebantur,
1349 2498 1396 2532 ut
1429 2493 1571 2540 Metis,
1601 2497 1649 2532 ut

135 2553 316 2599 Themis,
352 2557 397 2591 ut
434 2552 610 2598 Latona,
645 2556 691 2590 ut
728 2552 865 2599 (feres,
894 2555 941 2590 ut
976 2550 1117 2597 Dione,
1151 2564 1253 2602 quas
1288 2562 1430 2587 onmes
1463 2548 1649 2588 diversae

133 2609 299 2648 fabulae
321 2608 349 2646 J
354 2607 418 2646 ovi
440 2621 588 2646 uxores
610 2607 781 2646 (labant.

194 2664 364 2703 Etenim
395 2663 433 2702 in
468 2677 516 2702 eo
549 2677 574 2702 a
606 2676 649 2701 se
682 2661 854 2700 invicem
886 2661 1136 2700 recedebant
1167 2663 1314 2712 gentes
1341 2663 1385 2698 et
1406 2658 1649 2698 'fabularum

134 2725 328 2760 auctores
349 2719 484 2772 primi,
507 2723 554 2758 ut
576 2717 686 2769 regis
708 2717 879 2756 ‹leorum
899 2715 1018 2755 uxori
1039 2714 1180 2753 munia
1207 2714 1276 2753 alii
1297 2713 1379 2753 alia
1399 2713 1646 2753 tribuerent.

137 2776 205 2815 Sic
218 2774 327 2826 ’Ἡρα
348 2779 439 2814 erat
462 2770 691 2827 symbolum
720 2771 842 2819 aeris,
867 2772 990 2811 Ceres
1015 2775 1168 2816 terrae,
1193 2769 1357 2808 Latona
1383 2769 1530 2816 noctis,
1553 2783 1649 2822 pru-

136 2830 302 2871 dentiae
340 2830 481 2877 Metis,
511 2828 703 2882 justitiae
745 2827 926 2866 Themis.
988 2826 1102 2876 Quae
1141 2825 1281 2863 omnia
1321 2838 1494 2863 uxorem
1529 2823 1649 2863 Jovis

136 2887 254 2927 valde
277 2886 439 2931 decent,
460 2890 586 2939 prout
607 2884 714 2923 1111110
736 2883 870 2936 ipsum
892 2882 976 2921 sive
1003 2880 1234 2934 symbolum
1256 2879 1369 2927 caeli,
1393 2879 1476 2918 sive
1502 2893 1649 2932 paren-

136 2948 222 2983 tem
248 2941 362 2990 lucis,
392 2941 476 2981 sive
506 2954 711 2980 summum
739 2938 951 2978 hominum
977 2937 1182 2988 deumque
1208 2935 1515 2974 moderatorem
1541 2934 1649 2987 cogi-
