1997 3256
329 157 413 199 688
743 157 1065 198 ADVERSUS
1099 158 1429 199 LEPTINEM.

333 261 424 300 Nisi
455 260 546 314 quis
577 260 751 301 πολλοὺς
781 262 929 302 ἄλλους
959 262 1145 316 accipere
1175 264 1295 304 malit
1325 265 1375 304 de
1407 264 1571 312 exteris,
1606 264 1845 312 Corinthiis,

334 316 510 364 Thasiis,
534 315 761 368 Byzantiis,
785 316 835 355 de
863 317 1013 369 quibus
1040 324 1167 367 ante3
1198 325 1247 359 ut
1275 320 1336 359 ita
1363 319 1675 373 distinguantur
1701 335 1727 360 a.
1753 321 1847 360 civi-

331 373 421 420 bus,
445 371 613 412 Conone
634 376 677 411 et
699 371 893 412 Chabria.
944 373 1024 412 Sed
1046 373 1145 413 illud
1166 375 1437 428 probabilius.
1483 375 1577 415 Etsi
1600 376 1847 416 Demosthe-

333 442 428 467 nem
463 427 591 466 miror
625 427 692 466 hio
728 428 947 467 verborum
982 433 1071 468 tam
1104 444 1288 482 parcum,
1327 430 1396 483 qui
1432 445 1483 470 ne
1518 446 1645 471 unum
1682 432 1847 484 quidem

331 483 587 531 adverbium,
610 486 798 534 πρότερον
819 488 893 524 aut
914 483 1045 524 simile
1066 485 1245 538 aliquod,
1268 486 1493 526 addiderit.
1516 487 1567 526 F.
1585 487 1639 527 A.
1654 487 1847 527 WOLF.

390 542 486 592 483,
514 550 577 590 17.
609 541 913 579 σκοπεῖτε-καὶ
943 541 1181 593 λογίσασθε]
1212 541 1359 581 Potuit
1390 548 1533 582 orator
1563 543 1742 583 seribere
1772 549 1848 583 aut

333 594 664 646 σκέψασθε-καὶ
699 596 933 646 λογίσασθε,
965 602 1011 636 ut
1044 612 1082 650 p.
1111 599 1206 647 629,
1241 601 1306 637 26.
1342 598 1671 650 σκέψασθε-καὶ
1707 599 1848 650 θεωρή-

334 668 443 697 σατε,
478 655 553 691 aut·
586 652 889 691 σκοπεῖτε-καὶ
923 653 1139 703 λογίζεσθε,
1174 658 1221 692 ut
1257 668 1294 707 p.
1324 666 1414 701 122,
1443 667 1482 706 3.
1518 656 1848 705 λογίζεσθε-καὶ

334 710 528 758 θεωρεῖτε.
588 706 710 746 Nunc
739 707 902 748 diversa
924 713 1115 761 tempora
1144 709 1373 762 conjunxit,
1396 709 1520 762 idque
1548 710 1659 748 nullo
1679 711 1734 750 ad
1758 725 1848 750 sen·
1877 708 1881 712 ’

333 777 425 802 sum
458 762 723 803 discrimine:
762 777 859 802 nam
890 769 1051 804 σκοπεῖν
1081 770 1123 804 et
1154 767 1380 816 λογίζεσθαι
1415 779 1504 805 esse
1541 767 1850 815 ἰσοδυναμοῦντα

333 818 601 872 copularique
628 819 666 858 h.
690 819 715 858 l.
743 823 1033 862 πλεοναστικῶς
1064 820 1202 874 ecquis
1233 821 1434 875 negabit?
1466 821 1583 861 Conf.
1605 821 1660 860 ad
1686 836 1727 875 p.
1749 836 1846 876 494,

337 886 400 926 17.
434 874 686 914 SCHAEF.
735 875 788 914 V.
814 875 1088 916 Schoemann.
1110 877 1164 916 ad
1188 876 1352 916 Isaeum
1373 891 1413 930 p.
1441 889 1533 930 235.

391 932 428 970 εἴ
450 930 816 984 τινες-αἴσθησιν]
842 931 966 972 Plato
995 933 1162 972 BleneX.
1185 947 1218 972 C.
1244 945 1309 974 21.
1340 935 1430 974 εἴτις
1457 934 1538 972 ἐστὶ
1566 937 1646 974 τοῖς
1673 938 1849 974 τετελευ-

332 987 491 1034 τηκόσιν
518 988 697 1036 αἴσθησις
716 991 792 1026 τῶν
820 988 973 1034 ζώντων
996 1006 1026 1027 κ.
1045 1005 1078 1028 τ.
1095 994 1134 1027 λ.
1196 989 1417 1042 Lycurgus
1446 989 1488 1028 in
1517 989 1665 1030 Leoer.
1689 1004 1728 1042 p.
1755 1002 1848 1042 231.

334 1042 425 1082 εἴτις
457 1043 566 1081 ἐστὶν
598 1044 777 1090 αἴσθησις
809 1047 885 1084 τοῖς
917 1045 999 1083 ἐκεῖ
1025 1045 1112 1094 περὶ
1141 1048 1216 1084 τῶν
1247 1045 1385 1084 ἐνθάδε
1415 1045 1642 1095 γινομένων.
1705 1044 1849 1085 Cicero

334 1096 514 1150 Philipp.
538 1111 575 1147 9,
595 1100 632 1137 6.
654 1098 769 1137 Mihi
789 1105 917 1138 (uitem
939 1099 1165 1139 recordanti
1187 1101 1271 1139 Ser.
1296 1100 1472 1154 Sulpicii
1493 1100 1632 1140 maltos
1654 1100 1695 1139 in
1718 1108 1850 1141 nostra

321 1153 618 1205 familiaritate
653 1167 841 1194 sermones
872 1156 1029 1208 §ratior
1063 1156 1128 1195 illi
1164 1156 1330 1204 ridetur,
1367 1156 1401 1196 si
1435 1156 1523 1209 qais
1556 1162 1609 1195 est
1642 1170 1772 1196 sensus
1806 1157 1851 1196 in

333 1215 456 1248 morte
484 1214 561 1249 etc.
625 1209 693 1249 Sic
716 1210 949 1263 antiquitas
974 1225 1097 1264 saepe
1118 1211 1311 1251 manibus
1333 1226 1499 1251 sensum
1519 1211 1669 1252 tribuit
1691 1216 1733 1252 et
1754 1227 1850 1267 cog-

333 1264 534 1305 nitionem
556 1266 765 1319 quandam
787 1281 926 1306 rerum
947 1267 1223 1307 terrestrium.
1259 1269 1306 1307 F.
1330 1270 1386 1307 A.
1409 1267 1601 1308 WOLF.

389 1322 485 1372 483,
512 1333 576 1360 21.
606 1322 679 1376 ὧν]
711 1322 928 1362 Genitivus
959 1337 1034 1377 pro
1066 1323 1301 1363 accusativo
1331 1323 1492 1377 positus
1522 1338 1596 1377 per
1624 1323 1758 1377 legem
1788 1329 1852 1364 at-

332 1377 581 1417 tractionis:
626 1379 872 1428 ὧν-κρίσις
905 1381 1095 1431 γίγνεται.
1156 1380 1361 1420 Abundat
1397 1379 1525 1434 igitur
1560 1380 1670 1433 quod
1707 1380 1851 1421 statim

333 1433 521 1486 sequitur
542 1434 916 1474 demonstrativum
937 1437 1081 1475 τούτων
1101 1451 1108 1474 z
1142 1436 1215 1475 sed
1236 1436 1297 1475 ita
1318 1435 1520 1485 abundat,
1543 1442 1591 1475 ut
1612 1435 1649 1475 vi
1672 1450 1747 1477 sua
1768 1451 1851 1476 non

333 1494 487 1529 careat.
521 1489 575 1529 V.
597 1490 741 1530 Melet.
768 1490 871 1530 Crit.
893 1506 931 1545 p.
957 1492 1023 1541 84.
1059 1491 1309 1531 SCHAEF.

389 1548 488 1599 483,
516 1559 578 1585 22.
610 1547 708 1599 ἔργῳ
738 1546 965 1601 πεποίηκεν]
992 1547 1218 1601 Compares
1239 1549 1334 1602 ῥηθῇ
1358 1551 1407 1602 τῷ
1430 1549 1536 1601 λόγῳ
1558 1563 1594 1587 V.
1620 1558 1685 1601 25.
1720 1548 1851 1588 Locu-

331 1601 466 1641 tiones
492 1602 546 1641 ad
568 1602 746 1655 speciem
770 1602 1066 1656 pleonasticae‚
1091 1604 1162 1643 sed
1189 1604 1379 1643 consulto
1407 1604 1592 1657 satisque
1619 1604 1852 1657 significan-

331 1662 398 1697 ter
418 1658 603 1710 positae:
639 1659 795 1698 scilicet
818 1665 865 1698 ut
887 1659 1093 1713 oppositio
1115 1660 1247 1714 magis
1270 1660 1457 1700 exsistat.
1484 1659 1734 1700 SCHAEF.

391 1715 449 1766 εὖ]
480 1714 544 1753 De
566 1714 643 1754 hac
667 1715 763 1754 sede
785 1715 971 1754 adverbii
994 1717 1034 1755 εὖ
1056 1731 1092 1755 v.
1115 1722 1202 1756 not.
1227 1717 1280 1756 ad
1303 1731 1343 1769 p.
1367 1716 1465 1768 384,
1485 1728 1527 1769 5.
1563 1715 1814 1756 SCHAEF.

389 1772 485 1823 483,
512 1771 576 1809 26.
605 1771 668 1809 ἵνα
693 1772 825 1810 τοίνυν
852 1773 974 1821 εἰδῆτε
1002 1789 1034 1811 κ.
1056 1789 1088 1811 τ.
1111 1771 1170 1826 λ.]
1197 1772 1394 1825 Sequitur
1414 1771 1508 1811 hinc
1531 1771 1732 1812 orationis
1753 1786 1852 1826 pars

332 1825 479 1873 altera,
522 1840 628 1878 quae
669 1826 711 1865 in
751 1826 888 1866 locum
928 1827 1028 1881 legis
1072 1828 1299 1881 Leptineae
1340 1828 1543 1867 hactenus
1584 1833 1851 1882 oppugnatae

332 1896 482 1921 novam
518 1887 742 1936 surrogat3
779 1897 859 1935 qua
896 1884 946 1923 de
979 1898 1023 1923 re
1061 1884 1240 1923 diximus
1277 1884 1319 1923 in
1356 1883 1679 1938 Prolegomenis.
1719 1884 1769 1923 F.
1795 1886 1849 1924 A.

335 1938 528 1978 WOLF.

390 1996 486 2047 483,
508 2006 572 2044 27.
597 1996 658 2035 ἐπὶ
680 1998 777 2034 πᾶσι
799 1997 978 2051 δικαίοις]
1001 1996 1150 2043 Verte,
1170 1996 1435 2036 convenienter
1455 2009 1627 2035 summae
1646 1995 1851 2049 aequitati,

332 2051 511 2103 proprie,
546 2049 832 2091 conditionibus
866 2053 1128 2105 aequissimis.
1191 2052 1351 2092 Eodem
1387 2052 1510 2091 modo
1544 2051 1776 2091 Aeschines
1810 2051 1853 2090 in

335 2105 522 2159 Ctesiph.
546 2121 585 2159 p.
609 2119 692 2159 455
718 2106 765 2145 F.
791 2110 849 2160 (p.
874 2110 939 2159 73,
966 2110 1048 2155 12.)
1080 2110 1098 2147 ὁ
1122 2109 1314 2158 λογισμὸς
1344 2109 1442 2148 ἔστω
1467 2108 1529 2147 ἐπὶ
1553 2111 1651 2147 πᾶσι
1679 2109 1851 2149 δικαίοις.

334 2162 384 2200 F.
408 2162 460 2200 A.
486 2162 681 2201 WOLF.
744 2163 939 2202 Aeschin.
963 2177 996 2203 c.
1021 2163 1229 2203 Timarch.
1252 2179 1293 2217 p.
1319 2176 1382 2217 25,
1408 2177 1468 2217 19.
1495 2168 1537 2203 et
1568 2163 1787 2203 Demosth.
1811 2178 1851 2216 p.

334 2230 404 2270 92,
429 2231 491 2271 13.
520 2220 610 2271 136,
632 2232 671 2267 4.
694 2218 814 2258 addit
837 2218 1070 2259 Dobraeus.

391 2274 486 2327 483.
523 2287 587 2326 29.
625 2275 756 2327 ἕνεκα]
796 2275 984 2315 Adverte
1016 2275 1368 2328 praepositionem
1401 2275 1512 2314 casui
1544 2289 1617 2314 suo
1649 2274 1709 2315 ita
1739 2280 1853 2328 post-

333 2330 596 2382 posita1n,ut
627 2330 763 2370 tribus
794 2331 930 2371 verbis
962 2331 1196 2371 intersertis
1228 2332 1280 2371 ab
1314 2331 1381 2370 illo
1413 2330 1690 2384 disjungatur.
1755 2331 1853 2370 Uno

334 2385 587 2439 disjunctam
610 2386 834 2427 interserto
863 2388 1031 2441 dignam
1053 2387 1103 2426 de
1126 2388 1242 2440 cujus
1267 2387 1363 2426 sede
1384 2393 1573 2426 moneret
1594 2386 1743 2426 habuit
1767 2386 1853 2441 Syl-

334 2442 505 2496 burgius
526 2443 580 2482 ad
603 2443 774 2496 Dionys.
799 2443 1016 2483 Halicarn.
1039 2443 1117 2482 vol.
1139 2457 1177 2496 3.
1200 2459 1237 2497 p.
1262 2457 1368 2496 1514
1391 2443 1441 2482 R.
1478 2443 1738 2483 SCHAEF.

391 2502 487 2547 484,
536 2512 568 2537 1.
625 2499 958 2553 παρεισφέρομεν]
1016 2501 1290 2550 ἀντεισφέρειν
1339 2499 1493 2553 legitur
1545 2514 1585 2552 p.
1637 2501 1732 2548 486,
1788 2510 1851 2551 25.

336 2554 588 2594 SCHAEF.

391 2613 486 2661 484.
526 2614 563 2650 6.
607 2609 735 2661 κρίνας
771 2611 859 2662 παρ”
891 2612 996 2664 ὑμῖν]
1037 2611 1211 2651 Usitata-
1251 2615 1347 2650 sunt
1386 2612 1529 2661 κρίνειν
1564 2614 1606 2649 et
1645 2611 1766 2660 κρίσις
1801 2610 1852 2649 de

334 2671 592 2707 accusatore.
655 2666 811 2706 Docuit
845 2667 922 2706 hoc
961 2667 1164 2720 Taylorus
1200 2668 1254 2707 ad
1289 2668 1469 2720 Lycurg.
1503 2666 1545 2705 in
1582 2666 1778 2705 Leocrat.
1812 2680 1852 2718 p.

339 2734 430 2775 137.
453 2728 495 2763 et
521 2723 677 2762 dudum
706 2728 832 2763 antea
862 2724 1056 2763 Muretus
1080 2724 1207 2763 Varr.
1232 2723 1368 2763 Lectt.
1399 2735 1462 2774 19,
1490 2723 1551 2760 16.
1574 2721 1615 2760 id
1642 2735 1782 2775 agens,
1806 2726 1853 2762 ut

335 2779 482 2818 eodem
501 2780 625 2818 modo
649 2779 952 2831 Lat-judicare
973 2779 1071 2833 poni
1093 2780 1289 2819 ostendat
1311 2793 1333 2818 e
1356 2777 1476 2816 Livio
1501 2779 1564 2822 26.
1587 2790 1628 2831 3.
1693 2777 1774 2817 Sed
1797 2777 1854 2817 ibi

335 2834 416 2874 vid.
441 2836 602 2874 Duker.
665 2835 864 2876 Proxima
892 2836 970 2875 loci
1001 2835 1134 2875 nostri
1164 2835 1322 2874 diverse
1353 2833 1542 2873 scribunt
1570 2833 1852 2873 membranae.

337 2891 459 2930 Aliae
482 2892 543 2930 καὶ
564 2893 667 2932 ὅπως
689 2892 811 2933 οὐδεὶς
832 2892 880 2931 ἂν
902 2893 1090 2939 ἀντείποι,
1112 2890 1216 2930 aliae
1237 2891 1288 2940 μὴ
1311 2890 1354 2929 οὐ
1380 2892 1461 2929 δεῖν
1484 2890 1591 2942 ἔχειν
1612 2890 1698 2931 τοὺς
1725 2891 1853 2939 ἀξίους

337 2948 384 2985 τὰ
405 2947 580 2993 δοθέντα,
604 2946 710 2987 aliae
730 2947 780 2997 μὴ
802 2947 845 2987 οὐ
867 2951 949 2987 δεῖν
977 2947 1084 2999 ἔχειν
1107 2948 1288 2996 ἐξουσίαν
1308 2948 1355 2985 τὰ
1377 2944 1549 2986 δοθέντα.
1614 2944 1854 2985 Videndum
