1997 3256
475 144 537 184 IN
569 144 928 185 ORATIONEM
964 144 1335 184 LEPTINEAM.
1578 143 1660 183 615

145 249 398 303 gravitatem
438 263 531 289 cum
570 249 761 288 ludorum
792 249 1037 303 juvenilium
1074 249 1286 290 hilaritate
1322 248 1549 301 conjunxit,
1587 263 1661 302 per

146 319 267 344 omne
306 305 493 345 florentis
527 305 700 358 reipubl.
737 310 903 359 tempus
944 321 1091 345 scenae
1132 305 1378 358 spectaculis
1420 310 1462 344 et
1501 304 1660 358 magni-

145 360 338 401 ficentiae
364 361 490 401 fuisse
518 361 693 409 deditos,
716 376 764 401 ac
786 366 929 402 tantas
951 362 991 401 in
1014 362 1115 401 haec
1137 361 1345 415 impensas
1371 361 1528 409 fecisse,
1553 375 1660 414 quac

145 430 270 470 saepe
284 417 410 457 etiam
427 417 634 457 aerarium
653 422 695 457 et
712 417 969 471 privatorum
991 418 1214 458 facultates
1235 418 1504 458 exhaurirent
1514 427 1537 456 s.
1577 418 1659 457 Sed

144 486 223 520 res,
247 488 297 512 ex
326 473 469 527 primis
495 473 708 514 aetatibus
735 474 875 527 populi
903 474 1042 521 (lucta,
1066 479 1231 514 servata
1260 488 1308 513 eo
1329 474 1591 513 constantius
1616 479 1659 514 et

144 529 372 569 studiosius
412 534 487 577 est,
526 530 634 583 quod
677 536 840 583 partem
880 530 1127 582 religionum
1162 530 1375 569 continere
1416 530 1727 582 putabatur.90

145 584 336 625 Fuerunt
361 590 502 625 autem
531 585 645 625 chori
668 586 768 625 varii
796 583 974 639 generis.
1036 586 1287 639 Agebantur
1310 586 1379 624 alii
1406 585 1445 623 in
1476 586 1657 631 theatro,

144 641 366 693 conjuncte
394 657 485 681 cum
508 642 659 682 fabulis
687 641 873 686 scenicis,
897 656 978 695 quo
1006 641 1048 679 in
1073 656 1223 695 genere
1243 642 1484 694 frequenter
1508 641 1660 695 legitur

141 701 328 748 χορηγεῖν
358 701 568 751 τραγῳδοῖς
598 698 659 737 vel
692 700 884 750 κωμῳδοῖς
897 705 923 736 S.
984 696 1069 735 Alii
1103 697 1156 737 ad
1187 697 1390 750 ejusmodi
1423 698 1660 750 spectacula

142 753 411 806 pertinebant
439 760 481 794 et
509 754 563 794 ad
592 768 661 793 eos
689 753 776 792 dies
804 754 945 800 festos,
968 752 1009 791 in
1036 752 1184 805 quibus
1210 753 1376 793 fabulae
1402 767 1483 792 uon
1512 753 1659 793 daren-

141 813 226 857 tur,
269 824 395 863 quum
437 810 574 849 choris
620 814 855 849 certaretur
896 810 1098 859 ἀνδρικοΐς,
1139 812 1340 854 παιδικοῖς,
1383 813 1656 861 πυρριχιστῶν,

141 865 339 918 reliquis&
401 866 501 905 Jam
534 880 630 905 vero
663 865 704 904 in
733 865 798 904 his
835 864 1026 905 omnibus
1063 879 1168 913 eum,
1207 865 1276 918 qui
1314 870 1456 918 partes
1490 865 1658 919 choragi

139 926 368 974 receperat
403 921 538 975 p1imo
572 921 662 961 loco
699 922 925 974 oportebat
966 921 1160 975 (16110616,
1204 936 1307 975 quos
1347 922 1576 974 pioducele
1617 922 1658 961 in

140 991 308 1017 scenam
335 978 469 1025 vellet,
500 983 542 1018 et
570 992 641 1018 eos
671 992 746 1031 per
776 977 991 1025 artificem,
1020 992 1141 1040 quem
1161 978 1511 1041 χοροδιδάσκαλοι)
1538 992 1658 1018 voca·
1671 980 1723 1022 91

139 1033 255 1082 bant,
279 1034 527 1074 erudiendos
556 1039 599 1074 et
627 1034 881 1074 exercendos
912 1048 1058 1073 curare
1088 1033 1129 1073 111
1158 1033 1208 1073 iis
1238 1034 1413 1081 altibus,
1440 1034 1481 1073 in
1510 1034 1658 1087 quibus

140 1089 217 1129 sibi
248 1090 425 1131 celtatio
457 1095 566 1131 esset
601 1091 754 1138 futura,
789 1095 878 1130 tum
914 1090 1085 1129 chorum
1115 1091 1300 1130 vestibus
1329 1105 1378 1130 ac
1411 1091 1574 1130 comnis
1604 1091 1659 1130 ad

139 1146 433 1187 solennitatem
463 1147 655 1186 ludorum
683 1147 795 1200 aptis
823 1161 986 1194 ornare,
1015 1151 1057 1186 et
1089 1161 1210 1186 omne
1241 1146 1500 1200 choragium,
1522 1147 1563 1186 id
1593 1152 1658 1187 est

137 1202 428 1253 instrumenta,
462 1218 731 1257 quaeeunque
760 1218 831 1243 seu
861 1203 1025 1243 fabulae
1057 1203 1266 1243 docendae
1298 1218 1368 1242 seu
1397 1203 1465 1243 alii
1495 1208 1656 1257 specta-

138 1259 229 1299 culo
270 1261 504 1300 necessaria
540 1265 690 1309 essent,
728 1259 892 1313 privato
929 1263 1069 1299 sumtu
1103 1260 1315 1312 praebere.
1390 1259 1505 1298 Nihil
1547 1259 1657 1299 enim

138 1315 433 1366 dubitandum,
471 1317 570 1370 quin
610 1317 809 1369 ejusdem,
847 1316 917 1369 qui
958 1315 1094 1355 choris
1129 1315 1300 1355 scenicis
1342 1320 1522 1355 sumtum
1563 1330 1656 1370 sug-

136 1378 315 1426 gereret,
353 1373 587 1413 commissio
620 1373 751 1413 totius
792 1372 877 1411 ludi
917 1382 1040 1411 esset.
1117 1371 1226 1411 Nam
1266 1372 1434 1411 omnino
1470 1372 1654 1419 chorum,

137 1434 339 1482 tanquam
374 1429 539 1469 fabulae
578 1429 820 1482 primariam
855 1433 1020 1481 partem
1057 1432 1100 1467 et
1136 1442 1238 1476 eam,
1276 1429 1384 1467 unde
1420 1428 1657 1481 antiquitus

137 1485 271 1524 omnis
302 1485 411 1525 ratio
443 1499 590 1525 scenae
620 1484 811 1532 effloruit,
839 1484 900 1524 ita
928 1483 1079 1524 Graeci
1108 1498 1309 1538 usurpare
1340 1490 1654 1533 consueverunt,

137 1545 185 1581 ut
225 1541 340 1581 verbi
381 1541 441 1581 vis
490 1542 545 1582 ad
595 1541 829 1582 universam
869 1541 1053 1581 fabulam
1094 1545 1271 1594 spectet.
1338 1541 1420 1581 Sed
1461 1541 1564 1581 satis
1604 1542 1657 1581 de

136 1597 334 1652 choragia
349 1605 383 1637 U.

194 1654 404 1703 Alterum,
433 1656 735 1707 γυμυασιαρχία,
758 1653 942 1708 pertinet
964 1653 1019 1694 ad
1040 1654 1159 1693 ludos
1186 1653 1411 1708 gymnicos,
1435 1653 1476 1692 111
1506 1654 1654 1708 quibus
1668 1655 1724 1697 92

130 1710 329 1763 juventus
375 1712 658 1758 exercebatur,
702 1715 745 1750 et
795 1710 984 1750 similiter
1032 1710 1197 1763 publice
1245 1709 1287 1749 111
1330 1710 1652 1757 Panathenaeis,

137 1765 430 1820 Hephaesteis,
465 1767 729 1807 Prometheis
765 1771 808 1807 et
842 1766 934 1806 aliis
971 1766 1208 1806 solennibus
1243 1766 1552 1806 commissiones
1585 1767 1654 1806 fie—

135 1822 250 1864 bant.
313 1823 547 1864 Praeerant
587 1823 650 1863 his
690 1825 988 1876 γυμνασίαρχοι,
1026 1822 1172 1863 eodem
1211 1822 1311 1871 fere,
1348 1837 1429 1876 quo
1469 1823 1652 1877 choragi,

926 1982 980 2011 ubi
1011 1987 1300 2012 commemorantur
1329 1981 1455 2021 ehoragi
1486 1983 1517 2012 in
1549 1982 1653 2012 Pana-

926 2025 1067 2054 thenaeis
1088 2025 1241 2063 utrisque,
1263 2024 1296 2053 in
1321 2024 1510 2064 ThargeliiS,
1528 2026 1561 2054 111
1583 2025 1652 2055 aliis

177 1983 280 2012 rVid.
307 1982 453 2022 Xenoph.
487 1983 525 2012 de
558 1982 646 2020 Mag.
677 1981 774 2021 equit.
803 1981 854 2011 off.

133 2036 159 2056 c.
188 2035 214 2055 1.
238 2032 318 2056 extr.
352 2025 516 2055 Demosth.
547 2024 685 2063 Philipp.
712 2024 734 2053 1.
759 2035 787 2062 p.
805 2034 857 2063 50.

135 2068 299 2098 Plutarch.
325 2068 456 2098 Bellone
477 2078 518 2097 au
542 2078 616 2106 paee
637 2066 674 2096 el.
691 2067 713 2096 f.
730 2066 808 2096 Ath.
827 2078 855 2106 p.

135 2120 196 2150 349
213 2112 254 2140 A.
272 2111 358 2141 alios.

176 2159 190 2176 S
208 2154 369 2184 Dicuntur
401 2153 434 2182 in
464 2152 523 2182 hac
552 2151 709 2182 locutione
739 2158 858 2182 actores

132 2207 189 2236 pro
224 2196 350 2236 sabulis,
381 2195 474 2235 plane
507 2202 544 2225 nt
575 2195 609 2224 111
647 2194 699 2224 illa
734 2194 856 2233 celebri,

133 2238 321 2275 Διονυσίοις,
353 2239 524 2278 τραγῳδοῖς
562 2238 688 2275 καινοῖς,
719 2238 758 2266 (16
795 2248 857 2276 qua

132 2282 234 2312 multa
260 2283 383 2312 notavit
408 2281 629 2311 Hemsterhus.
654 2281 694 2309 ad
721 2279 856 2310 Luciam.

131 2325 192 2354 vol.
215 2335 238 2354 1.
258 2335 288 2363 p.
310 2324 377 2355 166.

175 2368 187 2390 t
203 2367 276 2397 Hue
291 2367 427 2406 pertinet
442 2376 561 2395 munus
577 2365 610 2394 in
627 2365 747 2404 pompis
761 2365 855 2395 sacris

131 2416 162 2440 et
179 2420 298 2439 munus
320 2408 533 2449 ἀρχιθεωρίας,
552 2410 643 2447 cujus
664 2408 857 2438 mentionem

130 2452 249 2483 habent
282 2452 392 2492 Lysias
424 2452 516 2482 Orat.
546 2460 596 2480 21.
623 2462 652 2489 p.
672 2458 741 2489 700.
790 2451 858 2480 An-

130 2495 230 2524 docid.
257 2496 295 2525 de
318 2495 452 2534 Myster.
476 2504 504 2533 p.
519 2492 569 2531 65.
595 2493 730 2523 Aristot.
752 2493 854 2523 Ethic.

132 2537 255 2568 Nicom.
296 2549 326 2575 4,
357 2547 388 2574 4.
426 2543 457 2566 et
494 2542 592 2566 auctt.
628 2546 677 2574 ap.
718 2535 854 2565 Vandal.

132 2580 313 2611 Dissertatt.
344 2580 451 2609 laudd.
491 2578 521 2615 6,
562 2590 590 2616 4.
629 2578 782 2608 Valcken.
815 2579 855 2607 ad

130 2624 280 2653 Ammon.
295 2633 325 2662 p.
340 2631 392 2662 94.
406 2628 438 2652 et
456 2622 580 2651 Ernest.
595 2621 633 2650 ad
646 2620 794 2660 Xenoph.
805 2620 853 2651 M.

130 2665 162 2696 S.
201 2675 231 2702 3,
265 2675 294 2705 3,
336 2674 384 2695 12.
461 2664 599 2694 Fabulae
636 2671 754 2700 autem,
789 2663 854 2693 sive

130 2709 277 2747 tragicae,
308 2708 373 2738 sive
410 2707 555 2742 comicae,
587 2707 653 2736 sive
690 2705 853 2745 satyricae,

129 2751 230 2781 tribus
246 2756 374 2781 tantum
393 2750 479 2780 sestis
501 2749 662 2779 Bacchicis
681 2749 852 2783 dabantur,

130 2793 292 2833 Dionysiis
315 2793 446 2822 urbanis
472 2791 793 2831 magnificentissime,
821 2798 853 2821 et

129 2835 182 2866 illo
197 2843 336 2875 tempore
352 2835 456 2874 plures
472 2845 567 2874 quam
584 2834 673 2869 alias,
690 2834 851 2863 interdum

129 2880 166 2908 ad
185 2879 328 2909 sedecim.
355 2878 405 2908 De
417 2887 479 2917 qua
491 2883 556 2907 tota
570 2887 602 2907 re
615 2877 678 2906 vid.
692 2875 851 2915 egregiam

129 2920 213 2951 Diss.
241 2920 446 2951 Barthelemii
474 2920 507 2949 in
532 2919 632 2949 Mem.
658 2920 688 2949 d.
714 2919 793 2948 l'Ac.
820 2919 850 2947 d.

130 2963 213 2994 Incr.
245 2970 275 2994 et
307 2965 337 2993 d.
374 2963 413 2992 Β.
452 2962 490 2992 L.
527 2961 587 2992 vol.
625 2970 677 3001 39.
740 2962 852 3000 Itaque

926 2066 1119 2106 solennibus,
1143 2067 1185 2096 ibi
1209 2068 1248 2096 de
1278 2067 1376 2097 altero
1402 2078 1517 2106 genere
1543 2067 1653 2098 choro-

926 2120 1008 2147 rum,
1027 2120 1091 2139 11011
1107 2111 1145 2139 de
1161 2109 1292 2146 scenico,
1307 2110 1509 2149 cogitandum
1526 2118 1583 2140 est.

968 2157 987 2174 U
1012 2152 1198 2182 Accuratior
1223 2152 1369 2182 tractatio
1396 2153 1440 2182 rei
1466 2153 1565 2191 hujus
1593 2153 1651 2184 loci

925 2205 990 2224 non
1005 2201 1063 2225 est.
1111 2194 1201 2224 Nihil
1221 2195 1320 2234 igitur
1338 2195 1403 2224 dixi
1425 2196 1463 2225 de
1479 2196 1653 2226 certatione

924 2237 1146 2277 choragorum‚
1164 2237 1244 2266 nihil
1263 2238 1301 2267 de
1317 2237 1539 2277 ἀντιχορηγοΐς
1560 2238 1603 2277 (h.
1622 2249 1649 2269 6.

924 2281 972 2317 iis,
989 2291 1007 2310 a
1023 2281 1137 2319 quibus
1158 2286 1317 2310 certamen
1338 2281 1444 2316 fiebat,
1462 2282 1575 2320 cuique
1594 2292 1651 2320 pro

924 2324 1010 2352 tribu
1031 2322 1116 2362 sua),
1134 2324 1217 2362 quod
1238 2323 1368 2352 verbum
1390 2324 1452 2352 rari
1475 2335 1551 2354 usus
1572 2324 1649 2363 legi-

923 2376 994 2395 mus
1018 2366 1102 2405 apud
1126 2365 1283 2395 Andocid.
1301 2366 1335 2394 in
1351 2366 1456 2396 Alcib.
1474 2377 1503 2405 p.
1527 2377 1595 2397 121.
1618 2374 1649 2397 et

926 2408 1080 2438 Nostrum
1094 2408 1127 2437 111
1142 2408 1278 2437 Midian]
1295 2419 1324 2447 p.
1340 2417 1413 2447 533,
1432 2418 1477 2446 14.
1499 2419 1571 2448 534,
1588 2418 1649 2448 25„

924 2451 1004 2480 nihil
1021 2451 1156 2490 denique
1172 2452 1210 2480 de
1226 2451 1383 2490 praemiis,
1397 2462 1531 2490 quorum
1548 2453 1649 2482 honor

924 2495 963 2523 ad
984 2494 1066 2533 ipsas
1083 2494 1184 2523 tribus
1208 2494 1396 2532 pertinebat,
1412 2495 1450 2524 (16
1474 2495 1648 2533 tripodibus

922 2546 941 2565 a
964 2537 1082 2566 victore
1111 2546 1183 2566 cum
1215 2546 1332 2575 magua
1358 2537 1548 2567 caerimonia
1572 2548 1647 2567 cou-

922 2579 1049 2608 secratis
1060 2585 1118 2609 etc.
1156 2578 1280 2608 Tamen
1296 2579 1438 2609 conferre
1453 2590 1563 2618 operae
1579 2590 1648 2619 pre-

922 2621 1002 2650 tium
1025 2622 1086 2651 erit
1108 2620 1273 2659 Aristoph.
1294 2621 1377 2650 Ran.
1394 2632 1424 2650 v.
1441 2630 1492 2661 94.
1516 2623 1648 2662 ejusque

921 2663 1024 2693 Schol.
1045 2664 1084 2692 ad
1104 2673 1135 2691 v.
1153 2663 1225 2700 406.
1266 2662 1460 2701 Antiphont.
1478 2664 1569 2695 Orat.
1588 2665 1644 2695 ult.

920 2705 989 2744 περὶ
1005 2706 1062 2735 τοῦ
1078 2706 1246 2744 χορευτοῦ,
1262 2705 1427 2736 Demosth.
1465 2707 1646 2738 Midianam

920 2749 1035 2787 passim
1062 2758 1134 2778 cum
1158 2748 1330 2787 Argumm.
1354 2749 1424 2783 Gr.,
1447 2750 1517 2778 adv.
1542 2750 1644 2780 Phae-

920 2792 1004 2830 m‘pp.
1033 2802 1061 2829 p.
1082 2799 1173 2829 ¹045·
1226 2790 1304 2820 lsaei
1336 2790 1396 2821 Or.
1425 2792 1464 2821 de
1494 2792 1644 2832 Dicaeog.

919 2833 1024 2864 hered.
1040 2844 1068 2873 p.
1082 2843 1092 2862 1
1104 2842 1151 2870 13.
1187 2832 1237 2863 De
1249 2832 1395 2872 Apollod.
1408 2833 1514 2864 hered.
1528 2846 1556 2874 p.
1573 2836 1642 2874 187.

919 2882 950 2906 et
973 2887 1012 2906 ex
1036 2875 1261 2906 recentioribus
1288 2882 1411 2915 praeter
1434 2876 1529 2908 libros
1554 2885 1644 2909 notos

921 2918 1053 2949 Vandal.
1074 2919 1096 2949 1.
1114 2928 1139 2948 c.
1158 2928 1186 2957 p.
1206 2917 1267 2957 675
1284 2928 1366 2958 seqq.
