1997 3256
311 160 394 201 652
729 161 1054 202 ADVERSUS
1089 162 1416 202 LEPTINEM.

314 267 495 306 &Volfius
527 268 644 316 νόμος
675 268 785 309 οὗτος
815 282 845 307 a·
876 267 1034 321 reliqua
1067 268 1256 308 oratione
1290 268 1504 308 secludens
1539 267 1828 322 hypostigmis,

312 323 563 362 sententiam
584 323 684 362 facit
706 323 927 376 specialem
949 324 1023 363 soli
1044 328 1196 377 aptans
1224 324 1302 377 legi
1327 324 1527 377 Leptinis.
1571 324 1830 364 SCHAEF.

314 379 373 415 W
377 378 460 417 olfii
504 378 786 432 interpunctio
827 379 1048 419 manifeste
1088 380 1206 426 falsa,
1248 394 1323 418 nec
1354 380 1582 433 probabilis
1621 379 1831 420 Schaeferi

313 434 464 487 opinio.
508 434 616 474 Nam
637 435 819 488 generali
842 435 1051 475 sententia
1074 435 1107 474 si
1129 435 1191 474 uti
1213 434 1409 475 voluisset
1431 441 1586 484 orator,
1609 435 1829 483 omisisset,

312 491 353 529 ni
396 490 528 538 fallor,
567 491 694 530 verba
735 492 850 541 νόμος
891 490 1014 533 οὗτος.
1079 491 1248 531 Servavi
1288 491 1416 545 igitur
1452 491 1832 545 interpunctionem

315 545 540 600 vulgatam.

369 604 465 652 462,
490 616 529 656 3.
553 603 675 642 καίτοι
696 607 772 642 τῶν
795 605 956 642 ἁπασῶν
981 621 1011 642 κ.
1029 620 1062 642 τ.
1085 604 1141 655 λ.]
1175 602 1426 651 Verborum,
1451 608 1498 643 ut
1524 608 1660 657 putat,
1683 603 1832 656 trajec-

314 664 454 698 torum
481 673 622 698 verum
651 659 838 698 ordinem
863 659 1042 698 wolfius
1071 659 1180 697 hunc
1211 659 1334 698 docet
1363 673 1474 699 esse:
1510 661 1638 710 miron·
1661 659 1708 698 ἂν
1737 659 1832 710 ἀφέ-

314 720 458 769 λῃς-.
524 714 736 767 Trajectio
763 730 844 754 non
874 714 932 754 ita
961 729 1114 769 magna
1137 718 1225 761 est,
1262 720 1374 755 certe
1396 716 1534 763 verba,
1558 719 1634 754 τῶν
1655 717 1831 763 ἁπασῶν,

315 770 467 824 quippe
498 770 539 809 in
569 771 718 823 quibus
750 785 910 810 summa
942 771 1178 811 sententiae
1207 771 1261 810 sit
1292 785 1340 810 ac
1366 770 1425 810 vis
1453 770 1739 824 oppositionis,
1766 770 1833 810 vix

314 826 472 880 longius
504 827 556 866 ab
589 827 707 866 initio
738 827 938 867 removeri
971 832 1181 881 poterant.
1210 829 1258 866 τὰ
1287 830 1510 866 καθεστῶτα
1536 833 1662 866 status
1693 831 1757 866 est
1792 832 1834 866 et

315 883 537 922 constitutio
567 882 818 936 reipublicae,
848 897 948 936 quae
973 883 1126 923 obtinet.
1189 882 1245 922 Et
1275 882 1344 935 qui
1373 883 1412 921 h.
1436 883 1461 922 l.
1495 887 1593 922 sunt
1626 883 1729 922 εὖνοι
1756 886 1835 924 τοῖς

317 942 547 984 καθεστῶσι,
587 939 662 978 hos
700 940 912 979 Isocrates
948 940 1105 993 Areop.
1143 954 1181 991 p.
1217 951 1308 977 211.
1345 938 1445 978 dicit
1483 939 1569 980 τοὺς
1604 940 1836 989 ἀγαπῶντας

313 994 487 1043 μάλιστα
507 995 578 1043 τὴν
599 998 854 1034 καθεστῶσαν
875 997 1087 1034 πολιτείαν.
1134 995 1236 1034 Jam
1257 994 1310 1034 ad
1332 994 1431 1033 illud
1454 996 1707 1034 καθεστώτων
1727 994 1836 1033 refer

315 1051 452 1089 αὐτῶν.
530 1050 607 1089 Vis
648 1051 903 1104 pronominis
943 1052 1085 1100 ταύτην
1127 1049 1502 1091 circumscribendo
1552 1050 1833 1103 intelligetur:

315 1107 408 1155 αὕτη
429 1107 594 1156 μεγίστη
623 1107 706 1145 ἐστὶ
732 1111 807 1146 τῶν
836 1108 1090 1146 καθεστώτων
1119 1107 1286 1157 φυλακὴ,
1311 1107 1492 1156 δηλονότι
1522 1106 1563 1145 τὸ
1586 1107 1672 1148 τοὺς
1703 1107 1836 1147 εὔνους

315 1166 394 1202 τοῖς
416 1165 635 1201 καθεστῶσι
658 1163 877 1211 κομίζεσθαι
899 1162 1025 1214 χάριν·
1058 1164 1226 1211 ταύτην
1253 1161 1296 1210 δὴ
1318 1163 1499 1212 φυλακὴν
1521 1163 1726 1217 ἀφῃρηκὼς
1747 1162 1834 1216 ἔσῃ.

319 1218 552 1270 Quanquam
576 1232 594 1256 (⁴
615 1217 788 1270 ([ιιαῖἱόεΐ
810 1218 979 1265 civitate,
1003 1232 1054 1257 ne
1076 1218 1127 1257 de
1149 1218 1235 1257 solo
1257 1217 1447 1270 populari
1481 1223 1598 1258 statu
1629 1217 1777 1265 dicam,
1800 1217 1836 1257 si

316 1273 423 1312 illud
440 1273 663 1313 institutum
683 1273 898 1321 sustuleris,
922 1281 964 1313 ut
976 1274 1176 1325 praemiis
1200 1279 1401 1321 ornentur,
1425 1274 1494 1326 qui
1520 1275 1600 1314 sint
1611 1274 1837 1326 praesentis

315 1335 440 1368 status
480 1343 608 1368 remon
655 1330 793 1369 tuendi
838 1330 1102 1375 smdiosiores.
1146 1330 1228 1381 ipso
1257 1329 1374 1381 facto
1416 1329 1528 1370 illius
1555 1330 1837 1382 firmissimum

307 1385 559 1437 praesidium
582 1385 797 1425 sustuleris.
841 1387 888 1426 F.
913 1386 967 1425 A.
992 1386 1183 1425 WOLF.

374 1442 470 1489 462,
505 1452 541 1492 7.
579 1442 848 1495 τάχα-ἴσως]
888 1441 1126 1481 Particulae
1155 1441 1265 1481 idem
1295 1442 1381 1482 fere
1412 1441 1596 1482 valentes
1627 1455 1709 1481 non
1740 1455 1836 1481 raro

317 1497 577 1549 conjunctae
606 1502 652 1537 ut
681 1512 746 1551 ap.
771 1498 991 1551 Aristop.h
1017 1497 1147 1551 Vesp.
1176 1500 1267 1537 280.
1293 1500 1387 1548 284.
1412 1498 1576 1538 Thesm.
1604 1499 1697 1550 718.
1722 1497 1834 1536 Plat.

321 1553 420 1603 Leo.
465 1566 497 1591 1.
532 1568 572 1606 p.
606 1567 686 1605 704
714 1554 767 1593 A.
806 1560 847 1594 et
880 1555 1211 1594 Demosthenem
1242 1554 1377 1607 ipsum
1408 1569 1448 1608 p.
1476 1566 1530 1607 57
1537 1555 1572 1593 6.
1604 1566 1665 1607 15.
1710 1554 1760 1592 F.
1782 1553 1837 1592 A.

375 1667 470 1735 462
497 1641 533 1704 8.
557 1665 718 1716 ἀπάγων
739 1667 835 1715 ὑμᾶς
857 1666 894 1705 ἀ
885 1666 932 1705 τὸ
955 1666 1114 1719 τούτωι]
1138 1666 1180 1704 ἶ
1183 1666 1338 1720 ulgalis
1358 1665 1519 1706 fallacia
1543 1665 1771 1713 1··,het01um
1796 1664 1838 1704 τὸ

319 1722 372 1759 ἀπ
360 1737 487 1771 αγειν
518 1721 593 1760 ἀπὸ
625 1738 690 1770 της
722 1722 1289 1767 ὑποθεσεως,1)611108111.(16
1322 1722 1434 1762 Fals.
1460 1722 1559 1773 Leo.
1586 1737 1625 1775 p.
1647 1722 1743 1772 416,
1771 1733 1834 1771 24.

320 1776 466 1815 Paullo
503 1776 670 1830 gr'axius
701 1792 776 1830 pro
808 1777 977 1817 consilio
1009 1792 1082 1817 suo
1115 1778 1312 1817 Aeschin.
1344 1777 1385 1816 in
1419 1778 1603 1831 Ctefflph.
1636 1792 1675 1831 p.
1705 1779 1771 1823 68,
1803 1789 1834 1816 1.

320 1832 378 1871 H.
405 1833 467 1872 St.
501 1834 718 1884 ἀπαγαγὼν
739 1835 835 1882 ὑμᾶς
856 1835 1011 1873 ἄπωθεν
1033 1834 1108 1873 ἀπὸ
1130 1838 1198 1873 τοῦ
1221 1834 1451 1883 κλέμματος.
1495 1835 1542 1873 F.
1566 1833 1621 1872 A.
1643 1832 1836 1873 WOLF.

375 1890 472 1937 462,
502 1902 563 1927 11.
597 1890 738 1928 οὑτωσὶ
767 1891 840 1939 μὲν
871 1889 1052 1942 ἀκοῦσαι]
1075 1890 1237 1930 Addito
1260 1891 1308 1931 ὡς
1336 1889 1461 1929 Plato
1488 1889 1727 1943 Euthyphr.
1749 1904 1787 1942 p.
1811 1902 1835 1942 3

319 1944 367 1983 B.
391 1945 441 1986 ὡς
462 1946 580 1986 οὕτως
602 1945 777 1984 ἀκοῦσαι.
822 1946 871 1984 Γ.
896 1947 950 1984 A.
977 1945 1169 1985 WOLF.

376 2002 471 2050 462,
498 2013 558 2052 ¹3·
585 2002 660 2040 εἰσὶ
683 2003 756 2051 γὰρ
781 2001 1149 2055 ὃτὶπουψάτέλεια]
1168 2003 1287 2041 Duae
1307 2001 1422 2054 apud
1439 2015 1507 2041 7208
1526 2007 1616 2041 sunt
1637 2001 1836 2054 litm'gyz'ae,

319 2070 489 2109 quarum
520 2056 802 2095 ‘inluezmn'isltrm
836 2057 978 2096 nostris
1008 2057 1209 2109 impertire
1237 2057 1409 2106 solemus,
1435 2059 1473 2097 αἱ
1499 2058 1738 2108 λειτουργίαι
1762 2061 1838 2096 τῶν

318 2113 505 2160 μετοίκων
529 2112 590 2150 καὶ
612 2113 650 2150 αἱ
670 2116 745 2151 τῶν
766 2116 948 2152 πολιτῶν,
992 2113 1041 2151 F.
1064 2113 1116 2152 A.
1142 2113 1337 2153 WOLF.

377 2169 473 2216 462,
503 2178 564 2217 17.
589 2166 804 2220 εἰσφορῶν]
836 2168 956 2218 Quod
985 2168 1026 2206 in
1051 2168 1167 2208 libris
1195 2169 1353 2222 aliquot
1382 2174 1445 2209 est
1473 2172 1612 2208 πασῶν
1641 2171 1838 2220 εἰσφορῶν

321 2222 472 2275 legitm
493 2222 599 2262 infra
619 2237 657 2275 p.
680 2226 775 2273 406,
806 2236 867 2262 11.

378 2280 473 2327 462,
502 2280 563 2316 18.
587 2279 673 2317 οὐδὲ
696 2279 816 2320 οὓς-
818 2277 1172 2332 Ἀριστογείτονος]
1203 2279 1318 2330 Quae
1345 2279 1411 2319 hic
1434 2279 1613 2319 occurrit
1636 2280 1835 2334 8)11ῒῑὶΧ18,

322 2334 409 2372 οὐδὲ
451 2350 515 2374 ους
556 2334 665 2375 οὗτος
707 2334 871 2386 ἔγραψε,
907 2335 994 2376 τοὺς
1035 2335 1100 2386 ἀφ’
1137 2335 1344 2385 Αρμοὸίου
1384 2337 1445 2375 καὶ
1484 2335 1835 2387 Ἀριστογειτονος,

321 2388 534 2428 familialis
568 2394 632 2429 est
665 2390 847 2438 Glaecis,
881 2405 1015 2444 neque
1049 2406 1139 2430 eam
1168 2391 1313 2431 Latini
1346 2391 1569 2445 refugiunt.
1632 2391 1837 2445 Sulpicius

320 2445 375 2484 ad
397 2444 479 2484 Cio.
505 2445 612 2498 Epp.
635 2459 674 2494 4.
697 2458 735 2499 5.
801 2447 930 2486 Genus
951 2447 1017 2486 hoe
1044 2447 1318 2487 consolationis
1346 2448 1527 2487 misaam
1550 2453 1614 2495 est,
1636 2462 1743 2501 quea,
1759 2462 1839 2500 per

322 2515 416 2553 qnos
451 2516 494 2540 (α
529 2502 685 2553 consilii
720 2501 836 2549 (leba
866 2517 1176 2556 pmpznquos
1210 2518 1263 2543 ac
1287 2503 1594 2555 familzaies,
1629 2503 1710 2555 ipsi
1734 2503 1839 2555 pari

323 2557 492 2596 molestia
519 2557 760 2608 afficiuntur.
822 2558 908 2597 Nec
937 2563 1103 2598 tantum
1132 2559 1187 2598 ibi
1217 2547 1320 2598 haec
1352 2563 1565 2598 structura
1593 2559 1763 2598 Graecis
1795 2558 1837 2598 in

323 2627 398 2651 usu
421 2617 495 2659 est,
519 2613 588 2652 ubi
611 2613 931 2661 substantivum,
957 2615 1067 2667 quod
1095 2614 1374 2668 postponitur,
1398 2614 1653 2668 pronominis
1674 2614 1837 2654 relativi

322 2668 466 2706 codem
487 2683 638 2721 genere
658 2669 782 2722 positi
804 2684 945 2709 casum
967 2671 1169 2718 imitatur,
1188 2671 1260 2709 sed
1282 2675 1323 2710 et
1345 2674 1446 2717 tuln,
1472 2684 1599 2722 quum
1618 2669 1839 2709 relativum

323 2723 510 2763 neutrius
530 2725 693 2778 generis
714 2725 769 2765 ad
790 2725 986 2765 omissum
1012 2726 1180 2779 aliquod
1201 2740 1350 2765 nomen
1371 2725 1560 2764 refertur.
1621 2725 1690 2764 Ita
1712 2725 1837 2765 Plato

326 2779 539 2818 Phaedon.
561 2795 600 2832 p.
624 2782 674 2820 66
700 2780 749 2819 E.
810 2783 910 2820 Τότε
937 2783 1026 2831 ἡμῖν
1049 2782 1159 2820 ἔσται
1183 2782 1334 2833 (τοῦτο)
1359 2779 1403 2819 οὗ
1425 2779 1682 2829 ἐπιθυμοῧμέν
1706 2797 1748 2820 τε
1775 2782 1840 2820 καί

325 2840 455 2883 φαμεν
477 2836 637 2885 ἐρασταὶ
666 2836 723 2875 εἶι
727 2853 764 2875 αι
792 2836 1032 2887 φρονησεως.
1054 2837 1124 2876 ubi
1152 2851 1218 2889 ap.
1244 2835 1390 2875 Iambl.
1415 2835 1615 2888 scriptum
1636 2837 1835 2886 φρόνησις.

326 2889 375 2926 F.
400 2890 451 2928 A.
478 2890 532 2927 W
541 2890 672 2930 OLF.
736 2891 866 2931 Putet
893 2891 1044 2944 aliquis
1072 2892 1250 2931 fortasse
1282 2891 1544 2930 sclibendum
1577 2905 1665 2930 esse
1697 2893 1734 2930 οἱ
1767 2890 1835 2942 ἀφ’

321 2941 528 2993 Αρμοδίου
551 2947 611 2984 καὶ
631 2946 977 2997 Ἀριστογείτοιος,
1002 2947 1225 2986 subaudito
1255 2947 1356 2986 εἰσὶν
1384 2948 1547 2989 ἀτελεῖς.
1610 2946 1691 2986 Sed
1719 2951 1837 2986 ante-
