1997 3256
319 156 404 201 956
635 157 964 198 ADVERSUS
997 156 1517 197 ARISTOCRATEM.

321 263 487 318 quidem
510 263 561 302 de
588 276 734 302 caussa
762 277 810 302 ac
842 262 1109 302 Minucianus
1135 262 1453 302 antecedentem
1481 266 1524 302 et
1551 260 1694 301 hunc
1685 275 1832 314 ipsum,

321 320 395 359 sed
423 324 564 359 tamen
595 317 719 371 paulo
754 318 875 358 aliter
910 317 1178 372 praecipiens.
1242 319 1288 357 Εἰ
1322 319 1394 367 μὲν
1425 334 1494 357 ουν
1530 317 1592 357 ἀπ’
1626 318 1835 367 ἀλλοτρίου

320 376 543 426 προσώπου,
578 375 714 423 ἀδόξου
747 376 799 421 δὲ,
831 374 1075 423 λαμβάιοιτο
1108 373 1368 425 (παράδειγμά
1398 374 1467 422 τι),
1500 391 1574 425 χρη
1606 371 1684 412 κατ’
1719 373 1836 411 ἐπιτί-

320 447 439 481 μησιν
461 430 552 469 αὐτὸ
574 429 761 480 εἰσάγειν
795 431 878 469 οἷον
900 431 1134 482 αἰσχύνομαι
1162 446 1207 478 ιη
1229 429 1316 470 τοὺς
1346 430 1456 470 θεοὺς
1485 431 1519 468 εἰ
1544 432 1744 480 Μεγαρεῖς
1763 429 1835 477 μὲν

321 486 413 527 τάδε
445 487 628 536 ἔπραξαν,
659 487 767 535 ὑμεῖς
798 488 838 525 δὲ
868 487 977 527 ὄντες
996 485 1199 534 Ἀθηναῖοι
1229 484 1280 534 μὴ
1310 483 1489 534 πράξετε,
1553 483 1835 537 Megarenses,

321 556 405 581 non
435 542 556 595 longe
585 541 767 581 Athenis
795 541 1013 589 distantes,
1046 546 1089 581 et
1116 540 1229 594 prius
1256 545 1298 580 et
1328 554 1377 579 eo
1403 539 1493 593 ipso
1523 546 1723 593 tempore.
1756 553 1837 592 quo

322 598 424 638 haec
454 597 567 637 dicta
593 602 703 644 sunt,
726 596 848 637 invisi
876 597 1033 637 civibus
1055 602 1188 636 erant.
1253 596 1307 634 V.
1334 595 1594 636 XViniewskii
1616 600 1836 635 comment.

322 669 362 707 p.
386 666 480 708 299.
558 653 669 692 Hinc
710 653 914 704 κατάρατοι
955 652 1068 701 dicti,
1111 667 1191 705 quo
1233 653 1377 691 eodem
1417 652 1582 692 nomine
1623 651 1763 691 odium
1796 650 1837 689 in

324 710 591 750 Euboeenses
612 724 652 762 p.
674 711 772 762 364.
796 709 982 749 elocutus
1005 712 1080 748 est.
1115 708 1354 747 WEBER.

381 768 539 819 691,5.
573 765 776 818 “Έρμωνα]
825 765 1065 818 Xenophon
1107 764 1308 804 Hellenic.
1348 777 1384 811 1,
1417 765 1453 811 6,
1485 776 1553 817 32.
1597 762 1758 814 ’Ἐρμων
1798 764 1839 802 δὲ

324 823 544 873 Μεγαρεὺς,
584 823 603 860 ὁ
644 822 694 874 τῷ
739 823 1030 874 Καλλικρατίδᾳ
1063 825 1276 871 κυβερνῶν,
1320 819 1403 859 εἶπε
1444 820 1537 869 πρὸς
1573 820 1701 859 αὐτόν.
1776 818 1840 858 Ibi

324 877 602 917 Sch‘neidelus
632 877 927 917 Demosthenis
951 863 1086 916 10011111
1114 876 1365 929 lespiciens:
1405 882 1428 897 “
1452 875 1668 926 Quomodo
1696 875 1840 929 igitur,

324 933 472 986 inquit.
504 934 729 987 Megaieus
764 933 831 972 hic
865 937 964 972 ante
996 947 1178 986 pugnam
1209 932 1263 972 ad
1292 931 1633 995 Aegospotamos
1661 931 1842 971 dicitur}

325 989 491 1029 Scilicet
522 994 569 1028 ut
599 1003 660 1028 clv
664 1003 729 1028 em
760 1003 802 1028 se
832 994 1021 1042 gesserat
1055 989 1434 1042 Meo·a1ense111.et
1460 988 1529 1040 jus
1559 987 1742 1027 civitatis
1774 988 1843 1027 de-

324 1045 449 1098 nique
472 1044 666 1097 consequi
696 1050 870 1084 conatus
896 1050 959 1084 est
987 1045 1212 1098 adjuvante
1236 1044 1296 1084 Lx
1300 1044 1464 1083 sandr.o
1467 1044 1489 1057 ³
1550 1044 1707 1083 Contra
1728 1049 1841 1083 lecte

326 1101 575 1141 Schaeferus
606 1100 684 1140 1100
716 1100 829 1140 loco:
866 1106 890 1122 ⁴⁶
913 1100 1008 1139 Non
1044 1115 1086 1139 se
1119 1104 1306 1153 gesserat
1339 1099 1481 1147 civem.
1514 1100 1586 1139 sed
1618 1114 1711 1138 cum
1743 1099 1841 1138 civis

325 1161 537 1210 postremo
558 1156 695 1196 factus
723 1162 833 1196 esset
863 1156 1198 1210 pervincentibus
1225 1155 1458 1209 Spartanis,
1482 1155 1668 1208 quamvis
1699 1156 1842 1209 Mega-

326 1226 468 1252 renses
496 1211 615 1251 initio
643 1217 961 1265 repugnassent,
992 1212 1233 1265 Xenophon
1261 1225 1334 1265 per
1362 1211 1705 1264 anticipationem
1736 1211 1841 1251 dixit

329 1267 556 1319 Meyape'a.”
612 1268 835 1308 Civitatem
867 1268 954 1321 ejus
988 1282 1181 1320 expresse
1211 1272 1415 1306 memorat
1448 1267 1682 1307 Pausanias
1713 1280 1773 1306 10.
1803 1282 1841 1321 p.

327 1324 437 1377 819,
462 1324 718 1364 Hermonem
742 1324 992 1374 ἐγγραφέντα
1015 1326 1067 1365 εἰς
1092 1341 1161 1373 την
1182 1325 1383 1363 πολιτείαν
1405 1327 1479 1361 τῶν
1502 1324 1722 1374 Μεγαρέων
1750 1337 1844 1362 011111

329 1380 500 1419 Abante
535 1380 753 1432 haruspice
789 1380 848 1418 Lx
853 1379 991 1419 sandri
1025 1379 1175 1419 dicens.
1238 1379 1298 1419 (¹1
1332 1378 1523 1418 Sim-&sii
1555 1384 1843 1418 commentatt.

327 1435 512 1516 hist01ic.
554 1436 604 1475 de
646 1435 945 1489 Xenophontis
990 1435 1188 1475 Hellenic.
1233 1449 1271 1487 p.
1309 1438 1361 1487 38
1413 1439 1455 1474 et
1491 1449 1530 1488 p.
1566 1448 1630 1489 90.
1672 1449 1712 1474 n.
1751 1437 1844 1474 226.

387 1549 481 1601 691,
501 1549 538 1586 6.
562 1548 723 1598 τριήρεις
745 1547 963 1600 διακοσίας]
989 1547 1166 1587 Centum
1188 1552 1229 1586 et
1252 1546 1467 1600 octoginta
1490 1561 1660 1585 numero
1682 1546 1847 1586 navium

329 1603 517 1648 classem,
560 1618 666 1655 quae
716 1603 769 1642 ad
811 1603 951 1656 Aegos
991 1603 1143 1642 flumen
1185 1603 1317 1649 stetit,
1359 1607 1565 1642 memorat
1607 1602 1847 1655 Xenophon

332 1659 532 1704 Hellenic.
559 1671 592 1705 2.
623 1672 654 1705 1,
682 1672 759 1705 20,
783 1658 1070 1698 consentiente
1101 1658 1288 1697 Diodoro
1320 1671 1376 1710 13,
1407 1670 1497 1712 105.
1558 1658 1623 1696 Ex
1650 1658 1714 1697 his
1735 1658 1847 1698 navi-

330 1715 407 1754 bus
443 1728 604 1761 11010111,
640 1714 915 1754 referentibus
956 1714 1242 1766 Xenophonte
1277 1715 1314 1765 ξ.
1347 1714 1410 1753 28.
1448 1720 1490 1754 et
1528 1714 1758 1753 Plutaleho
1792 1714 1846 1753 V.

334 1770 514 1823 L3sa1n1.
544 1784 604 1809 11.
610 1771 784 1809 ,(1000111
815 1770 1042 1809 secundum
1074 1770 1305 1809 Diodorum
1334 1770 1424 1809 106.
1455 1774 1495 1810 et
1532 1769 1784 1809 Pausaniam
1807 1783 1848 1822 3,

337 1840 401 1866 11.
423 1840 593 1866 manum
618 1826 825 1879 Ljsa‘inshi
848 1826 1097 1879 effugerunt
1145 1825 1446 1865 V.Schneide1
1467 1825 1520 1865 ad
1544 1825 1748 1865 Hellenic.
1771 1826 1795 1865 l.
1814 1840 1847 1865 c.

332 1886 376 1921 et
403 1881 462 1920 W
466 1881 654 1935 esselincr.
690 1882 744 1921 ad
776 1858 955 1921 Diodore.
975 1881 999 1920 1.
1023 1896 1055 1920 0.
1120 1882 1278 1921 Orator
1310 1881 1429 1935 ponit
1460 1895 1678 1920 numerum
1706 1886 1849 1921 rotun-

332 1938 444 1985 dum,
467 1952 601 1990 neque
623 1938 662 1976 1(1
686 1938 771 1977 sine
794 1937 976 1977 consilio.
1035 1906 1246 1977 Intererat
1267 1937 1376 1976 enim
1397 1937 1497 1990 ejus,
1521 1937 1561 1976 id
1584 1938 1694 1990 quod
1715 1938 1848 1977 faeere

333 1994 468 2033 solent
505 1999 704 2041 oratores,
744 1993 972 2033 Hermonis
1008 2008 1134 2046 opera
1176 1998 1395 2046 captarum
1433 1993 1600 2032 navium
1633 2007 1851 2032 numerum

332 2049 488 2103 augeri.
552 2049 604 2088 V.
628 2049 879 2102 interpretes
900 2049 954 2088 ad
976 2054 1082 2088 orat.
1106 2049 1156 2088 de
1178 2063 1370 2102 symmor.
1392 2064 1432 2102 p.
1464 2050 1552 2088 186.
1584 2048 1821 2088 WEBER.

393 2108 486 2157 691,
513 2117 548 2154 7.
574 2106 617 2144 ἐν
640 2105 757 2154 Αἰγὸς
779 2104 984 2158 ποταμοῖς]
1011 2105 1104 2144 Ηο0
1126 2106 1283 2144 factum
1305 2111 1367 2145 est
1390 2105 1552 2157 Olymp.
1574 2118 1639 2158 93,
1657 2122 1709 2154 4.,
1735 2108 1850 2157 (404.

333 2175 371 2200 a.
394 2160 510 2209 Chr.)
538 2160 591 2199 V.
612 2160 944 2199 Weissenbornii
968 2161 1117 2200 Hellen
1139 2175 1178 2213 p.
1205 2173 1296 2200 201.
1332 2160 1568 2199 WEBER.

394 2218 491 2269 691,
515 2216 550 2255 8.
575 2217 832 2268 κελευόντων]
867 2216 985 2255 Talia
1009 2216 1325 2256 Lacedaemonii
1353 2217 1506 2269 injuste
1526 2222 1653 2269 atque
1675 2217 1851 2269 superbe

334 2271 588 2325 imperantes
609 2271 879 2324 [uastulabant
898 2287 922 2311 a
939 2272 1070 2319 sociis,
1087 2272 1140 2312 ad
1158 2286 1260 2324 quos
1276 2272 1546 2326 Megarenses
1568 2272 1848 2326 pertinebant.

335 2327 396 2368 Cf.
421 2327 694 2380 Xenophont.
720 2327 920 2367 Hellenic.
952 2341 983 2375 1,
1015 2341 1044 2375 1,
1068 2331 1134 2380 36.
1169 2328 1403 2367 WEBER

393 2385 488 2437 691,
521 2396 577 2422 ιι.
602 2383 662 2422 καὶ
684 2383 865 2432 Ωρείτας
888 2400 988 2422 εκειι
992 2385 1075 2439 ους]
1102 2383 1208 2437 Apti
1231 2388 1327 2423 sunt
1348 2384 1390 2423 hi
1413 2383 1653 2430 accusativi,
1670 2382 1853 2433 Ὠρείτας

338 2440 779 2486 ἐκείνους-οἰκοῦντας,
802 2453 853 2477 ex
875 2438 942 2478 illo
967 2440 1133 2492 αἰσχρὸν
1154 2455 1192 2493 p.
1218 2442 1312 2493 690,
1341 2441 1402 2479 26.
1468 2440 1545 2489 Qui
1570 2446 1684 2492 tempe
1707 2453 1781 2478 non
1801 2440 1854 2478 sit

335 2494 457 2533 —kos
482 2495 538 2534 01
543 2495 631 2541 itas,
654 2493 951 2534 babtisma-<ff
983 2495 1083 2534 ,111111
1106 2496 1219 2549 sequi
1243 2496 1423 2536 debebat
1444 2495 1659 2545 ἠξιωκεναι.
1712 2494 1852 2534 Chari-

337 2550 490 2589 demum
525 2550 706 2604 (liquatos
741 2564 816 2589 non
852 2565 939 2590 esse.
972 2550 1168 2591 REISK.
1243 2552 1401 2591 Caussa
1440 2554 1507 2590 τοῦ
1540 2552 1853 2590 ἀνανταποδότου

338 2605 549 2657 σχήματος,
572 2606 688 2658 cujus
711 2606 894 2645 notabile
916 2607 1149 2660 exemplum
1170 2607 1235 2646 hic
1256 2607 1370 2646 locus
1392 2607 1531 2653 habet.
1552 2620 1657 2659 quae
1679 2605 1854 2646 dicenda

337 2660 405 2709 sit,
434 2675 602 2700 monere
623 2661 690 2700 vix
721 2661 899 2702 attinet:
932 2662 1166 2702 intersertis
1197 2663 1305 2702 enim
1336 2662 1533 2702 membris
1563 2662 1855 2715 imputandum

337 2730 426 2756 esse
455 2716 557 2756 satis
588 2722 765 2757 constat.
830 2718 949 2757 Haec
980 2719 1166 2758 membra
1194 2720 1382 2758 fecerunt
1411 2723 1457 2758 ut
1490 2717 1714 2770 scriptores
1746 2732 1853 2756 nunc

337 2772 572 2819 inscientes.
599 2778 746 2825 utpote
778 2773 896 2813 obliti
928 2773 1079 2827 prioris
1107 2774 1440 2821 constructionis,
1470 2788 1578 2812 nunc
1610 2773 1799 2813 consulto
1830 2788 1855 2813 a

340 2833 454 2867 recta
492 2828 691 2868 orationis
730 2829 877 2869 semita
911 2830 1191 2870 deflecterent.
1254 2830 1454 2870 Consulto
1496 2843 1602 2868 nunc
1640 2829 1854 2868 deflexisse

339 2889 551 2923 oratorem
570 2884 765 2924 arbitror.
815 2886 917 2925 Cum
939 2885 1048 2925 enim
1069 2886 1151 2926 tria
1174 2887 1242 2925 illa
1264 2887 1460 2932 membra.
1481 2883 1507 2938 ᾦ
1525 2885 1855 2935 μήτηρ-πολῖτις

340 2940 429 2984 ἐκεῖ,
455 2941 576 2989 πατὴρ
600 2940 720 2990 δὲ-ῗ]
744 2943 874 2986 πόθεν,
901 2942 1013 2980 οὐδὲν
1036 2942 1285 2992 γὰρ-αὐτὸν
1308 2941 1567 2991 ἐξετάζεσθαι,
1588 2940 1697 2993 qnod
1720 2940 1853 2980 adhuc
