1997 3256
333 141 443 182 1026
632 140 954 180 ADVERSUS
988 138 1487 180 ARISTOGITONEM
1522 140 1554 179 Ι.

331 248 374 288 in
412 246 602 287 Midiana
633 246 694 300 [p.
727 255 823 298 547,
857 259 895 299 9.
925 255 1023 299 574,
1051 258 1113 284 11.
1152 244 1261 283 unde
1296 244 1490 285 sumsisse
1526 245 1691 285 videtur
1726 244 1850 297 hujus

331 302 533 344 orationis
554 301 747 355 scriptor]
770 306 1014 342 tractatam.
1043 300 1242 350 πληρωταὶ
1262 304 1404 340 autem
1425 301 1491 341 hic
1515 300 1711 341 dicuntur
1732 301 1849 351 (con-

333 365 401 400 tra
432 373 557 413 quam
592 358 771 398 nominis
806 357 1055 412 significatio
1091 357 1198 396 ferre
1230 355 1420 396 videtur:
1459 359 1614 407 πληρόω
1646 356 1755 396 enim
1785 361 1851 396 est

331 416 499 469 compleo
526 420 568 455 et
597 415 800 465 πληρωτὴς
828 415 861 453 is
888 414 957 468 qni.
985 413 1206 467 conquest),
1230 427 1312 452 non
1342 412 1411 466 qui
1441 415 1660 453 conferunt
1687 413 1849 466 stipem⁷

333 473 404 512 sed
427 472 496 525 qui
518 471 713 511 collatam
734 471 787 511 ab
809 470 902 510 aliis
924 470 1136 524 colligunt.
1161 469 1278 523 quasi
1301 469 1510 509 ἀποδέκται
1530 468 1552 519 ἢ
1576 469 1852 520 εἰσπράκτορες

333 533 410 568 τῶν
431 528 593 578 ἐράνων.
628 527 824 567 WOLF.
887 526 951 566 De
984 527 1060 566 hoe
1091 526 1181 565 loco
1203 525 1295 565 vide
1319 525 1491 565 Herald.
1518 525 1740 565 Observat.
1762 539 1850 578 cap.

331 599 400 637 44.
443 584 616 625 Salmas.
647 584 701 624 ad
728 583 809 624 Jus
838 583 973 623 Attio.
996 598 1035 636 p.
1062 594 1126 633 27.
1160 581 1333 622 Herald.
1367 597 1510 621 rursus
1542 582 1765 621 Animadv.
1797 582 1852 621 ad

335 641 508 682 Salmas.
537 641 563 680 l.
586 641 623 680 6.
653 655 687 680 c.
708 650 748 694 5.
783 641 818 695 ξ.
841 653 879 690 4.
915 638 1174 679 TAYLOR.
1238 638 1354 679 Citat
1382 638 1490 678 hunc
1521 638 1655 678 locum
1686 638 1853 691 Harpo-

334 698 497 738 cration
519 713 555 737 v.
573 697 799 748 Πληρωτὴς,
819 696 887 750 qui
911 695 1131 748 ἐρανάρχην
1153 709 1224 735 seu
1246 694 1495 749 magistrum
1515 694 1631 734 erani
1653 694 1849 748 appellat.

336 754 531 794 REISK.

393 813 486 864 776,
516 812 578 850 16.
612 810 681 859 τὴν
712 810 865 860 βουλὴν
900 810 988 851 τοὺς
1017 809 1312 859 πεντακοσίους]
1348 807 1428 847 Est
1462 806 1701 861 epexegesis
1733 806 1854 860 quasi

335 867 471 908 dicere
504 866 712 915 voluisset,
746 871 949 913 senatum,
982 879 1064 905 non
1101 865 1213 904 illum
1246 864 1603 917 Areopagiticuin,
1638 863 1709 903 sed
1744 864 1854 903 hunc

334 924 549 976 majorem,
582 923 621 962 D
653 923 774 962 viros.
815 922 1011 962 REISK.
1073 920 1384 962 Grammaticus
1417 919 1650 960 Hermanni
1687 934 1726 973 p.
1755 933 1778 973 3
1783 929 1852 973 57.

334 994 356 1020 e
390 979 677 1020 Demosthene.
710 978 840 1019 citat:
884 980 944 1018 καὶ
983 980 1036 1019 εἰς
1071 978 1141 1027 τὴν
1173 978 1326 1027 βουλὴν
1364 979 1424 1016 καὶ
1462 977 1546 1018 τοὺς
1578 978 1855 1017 πεντακοσίους

334 1036 575 1086 ἀπαντήσας.
638 1035 798 1076 Eadem
821 1034 1024 1089 Georgius
1048 1034 1290 1088 Lecapenus
1313 1034 1546 1073 Gramniat.
1569 1048 1607 1086 p.
1632 1035 1701 1086 56.
1766 1032 1854 1086 Ap-

334 1097 456 1146 paret
477 1092 685 1146 posterius
709 1093 769 1132 καὶ
791 1091 1011 1132 delendum
1032 1105 1136 1131 esse.
1170 1089 1426 1130 SCHAEF.

394 1152 488 1200 776,
516 1161 579 1200 17.
603 1148 815 1202 κιγκλίδος]
847 1148 963 1188 Citat
986 1147 1301 1201 Harpocration
1324 1162 1359 1185 v.
1384 1147 1558 1196 Κιγκλίς.
1601 1145 1719 1185 Idem
1742 1145 1852 1184 hunc

335 1206 470 1246 locum
492 1205 533 1245 in
554 1210 694 1245 mente
715 1205 865 1245 habuit
886 1205 941 1245 ad
962 1220 998 1244 v.
1022 1205 1254 1255 Ἀπόρρητα.
1289 1202 1486 1242 REISK.
1549 1201 1739 1250 Photius,
1760 1204 1855 1252 Κιγ-

337 1264 432 1308 κλὶς,
463 1265 482 1301 ὁ
510 1265 578 1301 τοῦ
606 1263 851 1312 δικαστηρίου
881 1262 1111 1312 κάγκελλος.
1176 1261 1272 1299 HOC
1302 1264 1446 1298 nostro
1475 1258 1642 1312 quidem
1670 1258 1760 1298 loco
1787 1271 1854 1297 ac-

337 1318 640 1359 wnnnodathrs
679 1333 803 1372 quani
845 1318 955 1372 quod
997 1316 1140 1357 statim
1183 1315 1402 1369 sequitur:
1449 1317 1665 1366 Κιγκλίδες,
1703 1316 1742 1354 αἱ
1778 1317 1855 1353 τῶν

337 1377 592 1425 δικαστηρίων
625 1376 747 1424 θύραι.
816 1375 926 1414 Nam
956 1389 994 1428 p.
1031 1376 1122 1427 778,
1153 1385 1214 1412 12.
1248 1374 1441 1424 κιγκλίδες
1481 1386 1506 1411 a
1543 1373 1674 1422 θύραις
1710 1370 1857 1410 distin—

337 1437 536 1486 guuntur.
582 1431 634 1471 V.
659 1431 854 1471 Osannus
878 1430 1074 1484 Inscript.
1098 1445 1137 1483 p.
1162 1440 1251 1483 157.
1287 1428 1538 1469 SCHAEF.

398 1490 492 1542 776,
521 1490 582 1528 18.
605 1489 691 1529 τοὺς
714 1489 879 1539 ἰδιώτας]
906 1487 961 1527 V.
985 1487 1039 1526 ad
1061 1501 1098 1540 p.
1123 1488 1218 1535 604,
1244 1486 1309 1525 28.

398 1546 491 1597 776,
518 1558 582 1585 20.
616 1545 660 1599 τῇ
692 1546 887 1598 βασιλείῳ
920 1545 1033 1595 στοᾷ]
1070 1542 1186 1583 Citat
1217 1542 1256 1581 h.
1282 1542 1306 1581 l.
1332 1539 1645 1594 Harpocration
1677 1555 1713 1580 v.
1738 1541 1858 1580 Βασί-

338 1606 446 1643 λειος
479 1601 576 1640 στοά
608 1606 651 1641 et
673 1616 708 1640 v.
732 1600 1128 1653 Ἀπεσχοινισμένος,
1158 1598 1327 1638 tametsi
1360 1597 1557 1637 nonnulla
1591 1596 1713 1637 aliter
1745 1596 1860 1636 exhi-

338 1659 424 1705 bet,
457 1663 505 1697 ut
538 1657 729 1697 videatur
762 1657 842 1696 huc
875 1655 1054 1696 traxisse
1086 1655 1233 1696 locum.
1261 1655 1330 1708 qui
1363 1659 1427 1694 est
1459 1653 1567 1694 infra
1599 1669 1639 1707 p.
1671 1653 1764 1706 778,
1794 1654 1856 1692 16.

338 1714 535 1754 REISK.

400 1773 493 1823 776,
519 1784 583 1811 21.
612 1769 970 1823 περισχοινίσηται]
997 1769 1146 1809 Pollux
1170 1770 1206 1817 8,
1232 1780 1322 1820 123.
1350 1767 1394 1806 τὸ
1417 1769 1458 1806 δὲ
1486 1766 1733 1816 δικαστήριον
1753 1782 1858 1816 περι-

342 1828 593 1880 εσχοινίζετο,
626 1830 692 1866 τοῦ
722 1829 796 1877 μὲν
822 1826 1021 1876 βασιλέως
1051 1826 1400 1877 παραγγείλαντος,
1431 1827 1507 1862 τῶν
1538 1825 1578 1862 δὲ
1611 1825 1857 1872 θεσμοθετῶν

342 1885 586 1934 κληρούντων
621 1884 663 1923 τὸ
705 1883 962 1934 δικαστήριον.
1004 1882 1047 1922 τὸ
1083 1884 1125 1922 δὲ
1160 1881 1467 1933 περισχοίνισμα
1507 1879 1582 1919 ἀπὸ
1618 1878 1859 1928 πεντήκοντα

340 1944 470 1980 ποδῶν
497 1941 685 1992 ἐγίγνετο,
716 1940 778 1980 καὶ
805 1941 841 1980 οῖ
870 1939 1056 1990 ὑπηρέται
1084 1937 1398 1989 ἐφειστήκεισαν,
1427 1937 1529 1978 ὅπως
1558 1936 1690 1985 μηδεὶς
1720 1935 1860 1974 ἀνεπό-

341 2014 503 2039 πτευτος
537 1997 677 2051 προσῇ.
721 1998 760 2036 αἱ
795 1998 867 2046 μὲν
903 1997 971 2035 οὖν
1004 1999 1081 2035 τῶν
1113 1994 1367 2043 δικαστηρίων
1402 1994 1513 2044 θύραι
1547 1992 1739 2043 κιγκλίδες
1772 1992 1858 2030 ἐκα-

341 2057 499 2100 λοῦντο,
523 2058 704 2093 caetera.
746 2053 857 2092 Add.
886 2052 1042 2091 Meurs
1069 2050 1204 2091 Attio.
1230 2050 1342 2089 Lect.
1367 2051 1404 2089 6.
1429 2063 1491 2099 14.
1525 2047 1786 2087 TAYLOR.

402 2112 495 2161 776,
522 2122 586 2160 24.
621 2114 695 2148 τῶν
729 2110 874 2159 νόμων]
911 2109 997 2149 τοὺς
1031 2109 1168 2157 νόμους
1199 2121 1343 2160 margo
1378 2105 1633 2145 Lutetianae
1665 2119 1686 2144 e
1718 2104 1861 2144 codice

344 2165 566 2219 (⁷)bsopoei.
628 2165 815 2218 Vulgata
846 2165 950 2204 bene
981 2164 1123 2203 habet
1164 2169 1352 2216 compotes
1381 2169 1471 2202 sum?
1503 2162 1639 2215 lesum,
1673 2161 1750 2200 hoc
1781 2165 1861 2209 est,

342 2237 468 2275 penes
491 2236 560 2261 cos
586 2226 649 2261 est
671 2218 732 2260 vis
757 2226 799 2262 et
827 2221 1026 2274 majestas
1047 2220 1195 2274 legum⁷
1220 2219 1279 2258 vis
1302 2218 1533 2273 imperandi
1555 2223 1597 2258 et
1619 2216 1787 2257 vetandi
1809 2232 1859 2256 ex

342 2279 601 2332 praescripto
630 2278 765 2331 legum
794 2283 836 2318 et
864 2277 1003 2317 edicta
1029 2277 1166 2330 legum
1195 2275 1413 2315 exercendi
1443 2279 1572 2328 atque
1597 2274 1639 2313 in
1667 2273 1861 2314 effectum

344 2335 531 2378 (lliceiidh
556 2334 796 2374 criminosos
818 2332 1026 2388 puniendi,
1050 2332 1319 2373 refractarios
1341 2331 1527 2385 cogendi.
1563 2330 1757 2370 REISK.

403 2393 496 2444 776,
523 2404 543 2430 2
548 2402 586 2445 5.
618 2390 679 2443 ἐφ’
703 2391 777 2444 οἶς]
808 2391 992 2442 Quarum
1021 2390 1159 2443 legum
1187 2389 1439 2429 tuendarum
1466 2392 1509 2428 ct
1535 2387 1861 2427 exercendarum

346 2463 506 2495 eaussa,
536 2454 578 2488 et
609 2448 684 2487 sub
713 2462 761 2488 ea
791 2448 893 2502 lege,
924 2446 1161 2486 conditione
1188 2450 1230 2485 et
1261 2445 1546 2499 stipulatione,
1575 2448 1623 2483 ut
1650 2457 1719 2483 eas
1747 2457 1862 2483 exer—

346 2505 509 2546 ceretis.
544 2504 738 2544 REISK.

404 2572 499 2614 777,
522 2575 562 2614 3.
595 2560 1143 2611 εἰναισχυντίας-ἀναιδειάς]
1184 2559 1362 2611 αἶσχῦνη,
1391 2557 1528 2611 pudor
1549 2571 1561 2594 .·
1605 2557 1730 2600 αἰδὼς,
1760 2570 1863 2595 reve-

345 2619 488 2658 rentia.
551 2617 627 2657 Illa
648 2617 920 2670 turpitudinis
947 2621 1082 2656 metus
1105 2620 1168 2655 est
1187 2632 1194 2654 :
1232 2615 1333 2654 haec
1355 2613 1564 2668 dignitati7
1587 2612 1744 2659 virtuti,
1768 2626 1862 2651 aue-

346 2674 525 2716 toritati.
559 2674 689 2714 aetati
725 2674 923 2712 honorem
959 2673 1098 2712 habet.
1162 2672 1346 2711 Possunt
1378 2685 1477 2725 ergo
1511 2670 1768 2720 ἀναισχυντία
1802 2669 1862 2707 καὶ

347 2734 523 2772 ἀναίδεια
550 2731 704 2770 habere
731 2730 893 2769 locuni:
928 2729 1000 2768 sed
1023 2729 1119 2782 quia
1146 2727 1359 2782 praeeedit
1382 2726 1548 2776 εὐταξία,
1573 2725 1670 2778 quid
1695 2724 1728 2764 si
1753 2725 1862 2778 lega—

346 2796 416 2830 tur
438 2790 504 2837 τῆς
525 2787 682 2836 ἀταξίας
698 2788 710 2826 3
743 2786 939 2827 WOLF.
1005 2785 1117 2824 Nihil
1139 2784 1400 2824 mutandum.

402 2855 494 2896 777,
519 2845 556 2882 6.
595 2844 723 2882 δεινὸν
759 2844 1038 2892 ἐλαττωθῆναι]
1082 2841 1183 2881 Vult
1217 2841 1379 2880 dicere:
1416 2853 1564 2878 morum,
1594 2837 1771 2891 probitas
1803 2838 1863 2876 ’ἱΐα

345 2906 576 2951 comparata
599 2906 651 2937 est
672 2899 856 2952 utfiwile
880 2899 920 2937 in
942 2899 1132 2938 dammum
1154 2897 1319 2937 hwidat.
1352 2897 1425 2936 TA
1436 2894 1611 2934 YLOR.

406 2967 498 3008 777,
523 2957 559 2994 6.
594 2956 680 2996 τοὺς
713 2953 1035 3007 νόμους--ὑμῶν]
1062 2955 1177 2993 Idem
1210 2958 1274 2993 est
1302 2967 1350 2992 ae
1379 2952 1410 2991 si
1440 2951 1640 2991 dixisset-t
1673 2949 1859 3001 προσήκει
