1997 3256
397 151 450 189 ΙΝ
486 151 843 191 (JRA'J'ltffiEM
885 154 1409 195 Astls'l'ocltx'rrmM.
1574 160 1653 198 881

142 255 308 308 quidem
333 256 366 295 si
394 256 676 304 statuerimus,
701 257 835 297 verbis
858 273 895 311 p.
922 261 1017 299 622.
1042 261 1232 310 πρότερον
1254 258 1283 298 δ’
1307 258 1360 298 ὅτ’
1385 260 1560 301 ἔπλευσα
1580 278 1656 313 τρι-

139 315 319 364 ηραρχῶν
348 314 402 354 εἰς
421 311 736 362 Ἑλλήσποντον,
761 316 884 353 εἰπεῖν
909 315 971 354 καὶ
997 317 1262 366 κατηγορῆσαί
1282 332 1398 355 τινων
1420 317 1485 358 οὓς
1509 318 1657 358 ἀδικεῖν

138 369 236 417 ὑμᾶς
262 369 434 419 ἡγούμην
462 368 596 408 lumen
627 370 835 415 affifretur,
859 370 936 409 hoc
964 375 1181 424 praeterea
1210 375 1362 420 sumto,
1385 372 1653 426 Cephisodoti

139 438 309 463 caussae
345 425 563 464 nonnullos
597 426 699 465 alios
735 426 955 479 implicitos
986 427 1123 467 fuisse.
1189 427 1453 468 l’robabilior
1487 429 1536 469 fit
1571 429 1655 470 ista

138 494 231 520 inea
262 480 413 533 opinio,
444 481 476 520 si
509 495 601 521 cum
628 482 690 521 his
719 483 1036 523 Aristocrateae
1065 483 1199 523 verbis
1227 498 1516 536 comparamus
1550 485 1654 539 Lep-

138 536 277 576 tineae
307 537 441 576 locum
472 552 510 591 p.
537 551 646 591 502„
676 539 744 578 ubi
777 544 921 579 orator
948 545 1095 579 contra
1123 540 1450 592 Cephisodotum
1480 541 1654 594 loquens

139 593 227 646 ejus
259 593 465 646 injuriam,
498 609 624 647 quum
657 595 698 634 in
735 595 1008 648 Hellesponto
1042 596 1126 634 dux
1159 601 1280 642 esset,
1314 597 1466 650 populo
1498 598 1653 638 factam

139 649 372 702 significare
402 656 445 690 et
476 651 709 691 adhibitam
739 666 765 691 a
791 666 834 691 se
860 651 902 690 in
933 666 1027 691 611111
1057 652 1207 705 agendi
1238 652 1445 692 rationem
1474 654 1654 706 probare

138 704 303 746 videtur
316 714 344 744 (1.
408 707 553 747 Dixit:
588 709 621 747 εἰ
648 710 723 759 γὰρ
750 708 1047 759 ἀπεχθάνεσθαί
1073 725 1151 747 τισι
1179 711 1247 755 δεῖ,
1277 713 1357 750 τοῖς
1386 710 1560 749 ἀδικοῦσι
1585 709 1655 750 τὸν

139 764 270 811 δῆμον,
295 763 380 815 οὐχὶ
402 768 482 804 τοῖς
504 765 654 815 ἀγαθόν
675 781 709 803 τι
731 768 886 803 ποιοῦσι
909 764 1033 814 ἔγωγε
1057 765 1193 813 νομίζω
1216 767 1309 803 δεῖν·
1343 769 1386 804 et
1408 764 1469 805 ita
1490 764 1654 820 Olylnp.

143 819 233 867 106,
270 831 318 866 2.,
352 819 406 859 ad
442 834 563 872 quem
598 819 803 873 Leptinea
838 819 1032 873 pertinet,
1071 820 1206 859 dicere
1242 820 1393 873 potuit,
1431 825 1654 875 postquam

136 874 257 928 pauci
285 875 381 915 anni
411 882 506 929 post
534 875 645 916 illam
674 876 881 916 actionem
909 876 1226 929 praeterierant.
1288 876 1371 916 Sed
1398 877 1509 917 aliud
1536 878 1653 931 quid-

137 931 235 970 dam
263 937 327 972 est
354 931 476 986 longe
503 931 824 979 memorabilius,
848 932 960 985 quod
983 933 1290 972 Demosthenes
1317 932 1454 974 factae
1483 934 1524 973 in
1552 934 1655 975 Hel-

135 986 372 1041 lespontum
403 988 692 1042 expeditionis,
725 988 789 1028 cui
821 988 909 1042 ipse
939 988 1142 1037 interfuit,
1176 989 1331 1029 nullam
1366 990 1464 1030 alibi
1498 990 1575 1030 nisi
1609 991 1653 1031 in

136 1043 430 1084 Aristocratea
462 1059 595 1098 neque
630 1059 723 1085 eam
754 1045 855 1085 satis
890 1049 1082 1099 apertam
1112 1045 1367 1086 mentionem
1403 1046 1517 1095 facit,
1554 1047 1653 1087 dum

135 1099 287 1139 bellum
315 1100 357 1140 in
384 1101 600 1142 Euboeam
627 1102 751 1156 paulo
779 1106 879 1142 ante
907 1106 1145 1156 susceptum
1173 1102 1431 1157 frequentius
1462 1103 1653 1144 laudibus

136 1156 299 1197 extollit
326 1172 526 1211 suamque
553 1158 682 1213 ipsius
707 1158 749 1198 in
778 1172 826 1198 eo
852 1158 1102 1212 praestitam
1130 1172 1300 1211 operam
1328 1173 1653 1200 commemorare

135 1226 219 1252 non
246 1214 560 1267 praetermittit.
622 1215 754 1255 Tacet
779 1215 830 1254 de
858 1214 927 1255 illa
955 1214 1231 1268 expeditione,
1256 1215 1338 1255 sive
1365 1217 1476 1269 quod
1505 1216 1655 1257 infelici

135 1274 179 1309 et
200 1270 314 1323 turpi
342 1276 491 1311 eventu
520 1270 610 1320 fuit,
634 1271 718 1311 sive
743 1271 854 1324 quod
882 1271 1016 1325 ipsum
1044 1276 1191 1324 postea
1219 1272 1530 1313 reconciliatum
1559 1288 1653 1313 cum

137 1325 418 1380 Cephisodoto
459 1327 736 1368 accusationis
776 1327 818 1366 in
853 1342 948 1367 eum
982 1327 1204 1368 institutae
1239 1329 1460 1382 poenituit,
1494 1329 1536 1368 in
1572 1344 1654 1383 qua

135 1381 293 1436 aliquid
317 1398 343 1424 a
371 1398 414 1424 se
442 1383 632 1437 cupidius
662 1399 786 1438 quam
813 1383 1115 1424 consideratius
1143 1389 1286 1424 actum
1310 1385 1436 1425 fuisse
1463 1385 1652 1435 senserit,

137 1452 264 1491 quum
285 1454 418 1493 neque
439 1455 577 1480 rerum
602 1440 895 1488 conditionem,
919 1455 1002 1494 qua
1023 1440 1329 1494 Cephisodotus
1354 1441 1461 1481 male
1487 1442 1652 1496 egisset,

136 1509 270 1548 neque
290 1496 652 1546 necessitudinem,
676 1511 759 1550 qua
781 1511 873 1536 cum
895 1510 944 1536 eo
970 1497 1191 1550 conjuncte
1212 1497 1394 1547 vixisset,
1418 1497 1521 1538 satis
1542 1512 1655 1552 spec-

136 1555 281 1601 tasset,
311 1553 423 1606 quod
451 1553 658 1607 posterius
686 1554 722 1593 ei
749 1552 980 1593 Aeschines
1008 1553 1033 1593 l.
1057 1567 1092 1592 c.
1116 1554 1356 1607 exprobrat.
1419 1554 1528 1594 Eum
1557 1569 1654 1595 vero

135 1613 284 1661 postea
311 1609 564 1663 poenituisse
584 1609 685 1650 facti
713 1609 814 1649 mihi
842 1609 998 1663 liquere
1027 1609 1192 1650 videtur
1219 1625 1270 1649 ex
1301 1610 1393 1665 ipsa
1414 1610 1654 1652 Aristocra-

136 1669 217 1713 tea,
241 1665 283 1705 in
309 1680 402 1719 qua,
425 1666 496 1706 ubi
525 1666 576 1707 de
599 1666 880 1720 Cephisodoto
905 1666 1101 1720 loquitur,
1125 1671 1167 1706 et
1188 1666 1375 1720 loquitur
1396 1667 1445 1707 de
1468 1681 1517 1707 eo
1544 1667 1654 1721 copi-

136 1735 219 1770 ose,
242 1722 394 1776 ubique
424 1721 466 1762 id
494 1722 595 1763 facit
623 1737 716 1762 cum
744 1737 906 1762 summa
934 1722 1129 1763 cautione
1157 1726 1201 1762 et
1229 1722 1504 1769 humanitate,
1528 1724 1655 1764 veluti

135 1792 175 1831 p.
199 1779 294 1831 676.
358 1779 628 1819 Luculentius
656 1784 800 1819 autem
820 1779 942 1833 hujus
969 1779 1029 1818 rei
1051 1779 1338 1819 testimonium
1366 1779 1531 1820 accedit
1555 1780 1654 1819 Phi-

134 1834 234 1888 lipp.
259 1835 290 1875 I.
317 1850 357 1889 p.
379 1849 461 1889 53.,
490 1835 561 1875 ubi
583 1836 634 1876 de
664 1835 817 1875 misera
847 1839 961 1875 sorte
992 1835 1106 1875 ducis
1138 1835 1354 1888 cujusdam
1385 1840 1428 1876 et
1459 1836 1510 1876 de
1540 1836 1654 1876 falsis

136 1892 399 1944 quorundam
434 1892 648 1932 hominum
682 1892 725 1931 in
765 1906 858 1931 eum
893 1891 1066 1946 prolatis
1103 1891 1461 1932 criminationibus
1498 1892 1559 1932 ita
1593 1892 1654 1932 lo-

137 1961 291 2000 quens:
325 1949 418 1988 ὅταν
443 1951 518 2000 γὰρ
543 1949 680 2000 ἡγῆται
705 1950 777 1999 μὲν
799 1950 818 1987 ὁ
842 1948 1058 2000 στρατηγὸς
1086 1949 1233 1987 ἀθλίων
1261 1949 1491 1998 ἀπομίσθων
1516 1949 1654 1998 ξένων,

137 2005 173 2043 οἱ
204 2003 233 2043 δ’
264 2006 360 2056 ὑπὲρ
391 2006 444 2044 ὧν
477 2005 525 2044 ἂν
559 2007 706 2046 ἐκεῖνος
737 2006 817 2044 ἐκεῖ
846 2004 970 2060 πράξῃ
1003 2005 1098 2055 πρὸς
1129 2006 1224 2054 ὑμᾶς
1254 2006 1491 2056 ψευδόμενοι
1520 2006 1657 2059 ῥᾳδίως

138 2060 265 2100 ἐνθάδ’
299 2060 407 2109 ὦσιν,
441 2063 548 2111 ὑμεῖς
581 2060 610 2101 δ’
645 2060 690 2110 ἐξ
721 2063 774 2100 ὧν
807 2061 855 2100 ἂν
889 2062 1078 2110 ἀκούσητε
1115 2061 1136 2099 ὅ
1169 2077 1203 2100 τι
1237 2063 1376 2113 τύχητε
1411 2063 1653 2112 ψηφίζησθε,

137 2118 176 2156 τί
204 2118 265 2157 καὶ
295 2118 370 2170 χρὴ
399 2121 652 2168 προσδοκᾶν;
692 2117 1021 2170 Ce11›hisodotum
1055 2116 1260 2157 intellexit
1292 2131 1469 2170 eumque
1504 2117 1656 2171 injuria

137 2172 383 2214 damnatum
416 2174 544 2214 tacite
581 2173 779 2222 defendit,
815 2173 847 2213 si
883 2173 1128 2227 respicimus
1164 2173 1432 2214 scholiastam
1468 2174 1654 2228 August.

137 2229 438 2284 interpretem:
473 2233 509 2270 οἱ
534 2232 575 2270 δὲ
605 2231 848 2281 συκοφάνται
874 2231 970 2281 ὑπὲρ
999 2232 1052 2269 ὧν
1081 2231 1100 2269 ὁ
1131 2230 1348 2282 στρατηγὸς
1377 2232 1458 2270 ἐκεῖ
1481 2231 1653 2282 πράττει,

138 2287 319 2327 ἐντεῦθεν
348 2291 629 2338 κατηγοροῦσιν
659 2287 836 2339 εὐχερῶς·
870 2289 931 2326 διὰ
958 2289 1032 2338 γὰρ
1060 2286 1103 2324 τὸ
1134 2286 1184 2336 μὴ
1212 2291 1394 2337 παρεῖναι
1419 2288 1515 2336 ὑμᾶς
1543 2304 1656 2326 συκο-

137 2347 296 2392 φαντῶν
327 2343 532 2396 ἀνέχεσθε.
564 2346 684 2383 ταῦτα
714 2344 810 2394 πρὸς
837 2344 1110 2394 Κηφισόδοτον
1139 2343 1361 2382 αἰνίττεται.
1393 2356 1499 2395 quae
1529 2341 1655 2382 inter-

138 2399 323 2451 pretatio
345 2399 378 2438 si
405 2414 501 2439 vera
531 2404 606 2447 est,
636 2413 769 2452 neque
798 2398 917 2438 video
939 2413 1012 2437 cur
1033 2412 1116 2437 non
1142 2412 1239 2438 vera
1267 2397 1321 2438 sit
1337 2407 1360 2447 f,
1384 2402 1528 2438 orator
1554 2398 1656 2439 alios

138 2454 311 2508 culpans
341 2456 420 2495 hac
450 2455 706 2495 confessione
735 2470 778 2495 se
807 2454 942 2509 ipsum
968 2469 1052 2494 una
1083 2453 1277 2507 culpavit,
1300 2458 1348 2494 ut
1375 2454 1444 2508 qui
1474 2454 1658 2508 injustae

138 2510 245 2551 illius
273 2511 552 2552 accusationis
583 2511 795 2565 particeps
821 2510 982 2551 fuisset.
1046 2510 1264 2551 Nescimus
1292 2515 1435 2550 tamen
1464 2524 1589 2564 quam
1615 2510 1658 2550 in

137 2582 187 2608 ea
219 2574 384 2622 partem
419 2568 638 2608 habuerit:
673 2567 705 2607 si
738 2566 1023 2608 adversarium
1058 2567 1145 2620 ejus
1178 2566 1433 2607 Aeschinem
1464 2566 1658 2607 audimus

180 2722 197 2745 ‘l
226 2717 346 2747 Eodem
372 2717 489 2747 referre
519 2716 578 2746 ista
608 2715 705 2745 verba
736 2714 862 2745 videtur
929 2715 1082 2750 aestimet,
1108 2724 1206 2753 quum
1235 2713 1459 2744 Demosthenis
1484 2714 1579 2744 verba
1606 2724 1658 2744 eo-

138 2760 310 2790 Sieversius
331 2760 362 2789 in
383 2759 493 2789 histor.
517 2760 627 2789 Graec.
648 2768 679 2797 p.
697 2767 771 2796 303.
794 2765 860 2788 not.
929 2759 999 2787 dem
1019 2758 1093 2795 jure
1112 2758 1150 2786 ad
1170 2757 1375 2786 Timotheum
1396 2757 1515 2795 possint
1534 2756 1658 2792 referri,

138 2812 206 2839 4²„
223 2803 276 2831 ubi
299 2802 462 2840 complura
485 2803 523 2832 de
546 2801 757 2840 Cephisodoto
781 2800 861 2831 lectu
929 2800 982 2839 «11ιί
1011 2800 1139 2839 olymp.
1165 2809 1233 2837 101,
1258 2811 1287 2836 4.
1318 2805 1349 2829 et
1377 2799 1447 2835 106,
1469 2808 1495 2828 1.
1525 2799 1563 2828 ob
1591 2809 1657 2828 rem

137 2845 234 2883 digua
252 2845 466 2883 reperiuntur.
930 2843 1010 2872 male
1033 2849 1154 2881 gestam
1181 2841 1214 2870 in
1238 2842 1396 2880 judiciu1n
1424 2846 1552 2871 vocatus
1577 2842 1659 2871 est.''

182 2894 195 2910 ¹·
222 2887 430 2925 Kiesslingius
455 2894 559 2917 tamen
583 2886 605 2916 l.
626 2896 651 2916 c.
676 2897 706 2925 p.
724 2894 795 2922 113.
819 2886 862 2915 ita
932 2885 1035 2914 Aliter
1061 2885 1244 2914 scholiastae
1268 2885 1363 2914 verba
1389 2884 1470 2922 cepit
1494 2883 1658 2914 Boehnec-

134 2930 257 2967 judicat
272 2941 279 2960 :
304 2930 324 2945 “
336 2929 428 2959 Hanc
445 2940 508 2959 non
525 2939 600 2959 sane
616 2929 696 2959 docti
713 2928 860 2958 scholias-
930 2928 1001 2957 kius
1024 2928 1157 2964 Quaest.
1175 2937 1205 2965 p.
1223 2927 1292 2964 248.
1342 2926 1590 2964 Cephisodotum
1608 2926 1657 2956 in-

138 2979 188 3001 tae
218 2972 438 3002 sententiolam
469 2972 557 3002 facilc
583 2972 737 3010 quispiam
771 2971 861 3000 nihili
929 2970 1072 3009 telligens
1092 2975 1302 3000 accusatorem
1321 2968 1474 2999 Charetis.

945 3027 970 3050 17
