1997 3256
473 148 795 190 ADVERSUS
840 150 1323 191 ARISTOORATEM.
1572 152 1656 194 913

140 256 264 308 κλοπῇ
295 253 502 306 χρημάτων
534 256 603 294 ἐὰν
635 256 737 295 ἑλὼν
770 257 896 305 κτείνῃ
925 273 991 300 τις,
1023 255 1188 306 καθαρὸς
1219 256 1332 295 ἔστω.
1395 255 1444 293 111
1475 269 1655 294 0011111111-

140 309 261 349 1110110
284 310 431 348 harum
453 314 496 350 et
521 310 714 350 similium
736 317 881 352 nostra
903 311 1066 351 videtur
1085 311 1223 351 fuisse.
1260 310 1492 350 WEBER.

194 367 291 416 6439,
313 377 352 418 5.
382 365 537 420 ἀδίκως]
564 366 658 406 Hoc
687 367 890 415 additum,
914 372 961 408 ut
990 367 1196 407 indicetur
1225 367 1292 420 qui
1320 366 1474 419 injuste
1502 365 1655 405 involet

135 421 197 459 vel
226 420 428 474 impetum
456 421 496 460 in
527 422 701 475 alicujus
730 425 839 464 bona
870 423 997 463 iaciat
1028 423 1090 462 sui
1122 422 1326 461 commodi
1357 435 1515 469 caussa,
1544 421 1654 461 nulla

134 482 310 529 accepta
340 476 504 531 injuria,
535 493 660 532 quam
691 479 928 519 ulciscatur.
991 478 1326 532 Comparandum
1357 477 1433 517 1100
1467 482 1530 517 est
1561 491 1652 517 cum

136 532 390 573 Herodoteis
420 548 449 575 l.
472 546 512 586 5.
535 539 686 585 πρῶτον
706 535 930 586 ὑπάρξαντα
959 536 1098 574 ἀδίκων
1124 535 1248 585 ἔργων
1272 535 1310 575 ἐς
1335 534 1421 574 τοὺς
1435 532 1651 582 ’Έλληνας

133 602 172 637 4,
203 602 235 627 1.
265 588 440 639 ὑπῆρξαν
470 592 627 641 ἀδικίης.
670 595 713 630 ct
737 602 772 643 7,
798 592 833 630 8.
870 593 936 640 ἐμὲ
973 591 1034 630 καὶ
1070 589 1219 639 πατέρα
1254 589 1322 628 τὸν
1355 589 1448 638 ἐμὸν
1479 588 1654 639 ὑπῆρξαν

133 645 246 683 ἄδικα
266 649 477 693 ποιεῦντες,
501 651 543 686 et
565 660 669 699 quae
698 652 917 699 praeterea
938 646 1115 686 contulit
1138 644 1339 685 Valcken.
1362 644 1417 683 ad
1439 644 1652 697 Euripidis

135 699 293 739 Phoen.
322 703 442 754 1576.
478 700 709 741 WEBER.

191 757 301 798 εὐθὺς
333 758 591 810 ἀμυνόμενος]
628 758 747 798 Haec
780 757 918 797 cautio
949 757 1116 810 adjecta
1145 761 1220 802 est,
1253 760 1300 795 ut
1334 769 1384 795 ne
1417 754 1507 809 quis
1539 755 1649 795 omni

132 813 257 851 medo
290 813 559 866 spoliatorem
593 813 834 853 trucidaret.
897 813 1093 853 Defensio
1125 811 1236 851 enim
1269 812 1414 851 eodem
1450 811 1651 865 temporis

133 874 289 921 puncto
333 869 422 908 fieri
468 869 664 917 debebat,
703 883 784 922 quo
830 869 896 908 ille
941 868 982 907 in
1023 883 1071 908 eo
1118 872 1210 908 erat
1250 872 1297 908 ut
1342 881 1408 907 res
1456 881 1530 920 per
1569 867 1650 908 vim

131 925 343 964 auferret:
377 930 467 965 tum
489 939 582 965 eum
610 925 738 965 etiam
765 924 998 965 interficere
1026 924 1202 970 licebat;
1237 938 1285 964 eo
1311 923 1541 978 praeterito
1567 938 1651 963 non

131 979 296 1027 licebat,
335 995 460 1034 quum
493 981 605 1021 facta
637 986 747 1021 esset
784 980 904 1035 copia
932 980 1084 1034 judicis
1119 982 1243 1033 (δίκης
1275 981 1450 1030 βιαίων).
1513 978 1651 1031 Quare

132 1035 210 1075 hoc
234 1036 302 1089 jus
330 1036 605 1077 interficiendi
635 1037 732 1090 quia
759 1041 1097 1077 momentaneum
1124 1041 1227 1083 erat,
1255 1035 1439 1076 defensio
1467 1036 1649 1076 debebat

130 1105 221 1132 esse
249 1092 335 1132 sine
357 1093 600 1141 intentione,
623 1099 670 1134 ut
692 1093 859 1133 dicunt:
893 1107 998 1146 quae
1020 1094 1053 1132 si
1075 1092 1382 1147 praemeditata
1404 1096 1496 1132 erat
1517 1106 1650 1145 neque

130 1148 279 1188 ultima
315 1149 564 1189 necessitate
601 1149 761 1197 effecta,
799 1150 868 1203 jus
904 1149 1143 1202 inculpatae
1178 1148 1335 1188 tutelae
1376 1148 1650 1188 evanescebat

131 1208 174 1244 et
197 1205 308 1244 ultor
329 1205 504 1259 injuriae
526 1206 716 1259 idemque
745 1206 903 1245 occisor
930 1205 1103 1246 alterius
1132 1219 1290 1259 poenae
1319 1204 1523 1244 obnoxius
1545 1209 1650 1244 erat.

134 1260 369 1301 WEBER.

189 1319 283 1370 639,
309 1319 346 1357 6.
368 1317 570 1372 τεθνάναι]
597 1317 781 1358 Subaudi
803 1317 877 1357 ὑπὸ
899 1320 966 1357 τοῦ
989 1317 1245 1367 ἀμυνομένου.
1282 1315 1533 1357 SCHAEF.

188 1375 282 1425 639,
315 1385 373 1427 15.
412 1373 482 1413 κᾶν
518 1375 670 1416 δικαίως
706 1374 777 1414 κᾶν
813 1375 861 1415 ὡς
899 1375 935 1413 οἱ
971 1375 1081 1423 νόμοι
1117 1373 1311 1425 διδόασιν]
1354 1372 1477 1412 Nulla
1510 1372 1551 1411 in
1584 1371 1650 1411 his

130 1429 376 1483 tautologia.
440 1430 571 1484 Leges
603 1429 785 1483 scriptae
816 1444 841 1470 a
869 1443 951 1468 non
983 1428 1150 1482 scriptis
1182 1428 1389 1476 differunt,
1419 1428 1546 1468 etiam
1577 1428 1648 1468 ubi

130 1499 225 1525 011111
247 1484 325 1524 illis
346 1486 596 1526 conveniunt
617 1503 624 1525 :
658 1486 730 1526 sed
752 1500 875 1539 saepe
896 1485 989 1525 illae
1011 1499 1104 1524 cum
1125 1484 1189 1524 his
1211 1484 1460 1538 discrepant.
1513 1484 1648 1524 Paulo

129 1546 225 1594 post
256 1556 291 1581 v.
328 1553 392 1584 22.
423 1542 534 1596 leges
564 1541 702 1583 civiles
732 1557 758 1582 a
785 1542 879 1595 jure
911 1545 1088 1582 naturae
1117 1540 1350 1594 distinguit.
1413 1539 1649 1581 Secundum

129 1597 207 1637 1100
230 1612 352 1652 saepe
370 1598 530 1651 justum
551 1603 626 1647 est,
651 1598 760 1652 quod
781 1598 871 1652 lege
892 1597 998 1637 civili
1020 1597 1143 1651 hujus
1164 1597 1226 1637 vel
1247 1596 1356 1636 illius
1380 1596 1562 1637 civitatis
1583 1600 1649 1636 est

129 1653 317 1694 vetitum.
350 1654 544 1694 REISK.

187 1711 282 1760 640,
312 1723 342 1750 1.
367 1709 583 1764 ΝΟΜΟΣ]
610 1710 842 1763 Postquam
863 1714 1007 1750 orator
1033 1715 1194 1763 septem
1214 1709 1376 1763 legibus
1398 1707 1648 1762 capitalibus

130 1766 348 1819 explicatis
388 1771 515 1806 antea
561 1766 747 1807 ostendit
783 1765 1090 1806 Aristocratem
1131 1780 1202 1806 eas
1246 1779 1320 1805 suo
1366 1764 1650 1818 psephismate

129 1821 302 1862 violasse
327 1836 410 1862 non
431 1837 514 1863 uno
535 1823 674 1872 modo,
698 1822 913 1876 subjungit
937 1822 1045 1862 hanc
1066 1821 1213 1875 legem,
1235 1825 1282 1861 ut
1303 1821 1342 1871 ii,
1366 1821 1435 1875 qui
1457 1820 1647 1869 audiunt,

128 1882 356 1932 antequam
396 1879 451 1919 ad
490 1879 573 1919 alia
613 1878 801 1918 oratione
841 1879 1130 1927 traducantur,
1169 1876 1315 1918 statim
1354 1877 1525 1917 videant
1565 1891 1649 1930 qua

129 1949 264 1988 poena
292 1934 580 1976 Aristocrates
609 1935 758 1989 dignus
789 1934 869 1974 sit:
902 1935 943 1974 in
976 1949 1057 1988 qua
1087 1949 1132 1974 re
1160 1948 1243 1973 non
1270 1933 1649 1987 praetermittenda

130 1996 193 2031 est
216 1991 396 2031 oratoris
421 1991 667 2039 moderatio,
691 1991 791 2030 nihil
813 1991 1008 2031 addentis
1030 1991 1080 2030 de
1105 2005 1192 2037 suo,
1216 2004 1297 2043 quo
1316 1988 1483 2044 gravari
1505 1989 1648 2029 adver-

130 2047 263 2087 sarius
299 2047 444 2101 possit,
479 2048 551 2087 sed
587 2047 629 2086 in
665 2047 752 2087 sola
787 2047 888 2101 legis
922 2047 1142 2087 verborum
1177 2045 1529 2100 interpretatione
1562 2059 1649 2085 ver-

129 2103 276 2143 santis.
339 2103 396 2143 Iis
429 2103 550 2143 simul
581 2103 660 2143 sibi
690 2104 916 2144 transitum
946 2108 1173 2157 praeparat
1205 2103 1259 2142 ad
1290 2116 1339 2142 ea
1370 2116 1478 2155 quae
1509 2101 1649 2141 subse-

129 2164 327 2213 quuntur.
391 2159 595 2200 Draconis
621 2174 708 2200 esse
738 2160 844 2200 hanc
865 2160 999 2214 legem
1026 2159 1157 2213 liquet
1185 2173 1237 2198 ex
1258 2173 1333 2198 usu
1356 2157 1467 2198 vocis
1489 2157 1648 2208 θεσμὸν,

130 2230 213 2269 qua
245 2216 352 2255 illius
384 2215 580 2257 instituta
608 2231 634 2256 a
662 2216 825 2256 Solonis
854 2216 1014 2270 legibus
1047 2215 1247 2269 distingui
1281 2215 1427 2262 solent,
1460 2218 1508 2254 ut
1537 2214 1650 2267 apud

131 2272 393 2312 Andocidem
430 2272 481 2312 de
516 2272 724 2326 mysteriis
765 2287 803 2326 p.
832 2286 890 2312 11.
929 2272 1022 2314 τέως
1058 2274 1099 2311 δὲ
1139 2274 1308 2324 χρῆσθαι
1348 2275 1430 2312 τοῖς
1470 2271 1651 2311 Σόλωνος

131 2330 260 2378 νόμοις
283 2331 343 2368 καὶ
363 2333 444 2370 τοῖς
466 2329 689 2380 Δράκοντος
711 2332 881 2378 θεσμοῖς.
933 2328 991 2368 Cf.
1016 2328 1176 2368 Anecd.
1202 2326 1383 2367 Belikeri
1403 2341 1443 2380 p.
1469 2327 1565 2376 264,
1589 2338 1648 2378 13.

132 2384 243 2423 Num
275 2389 416 2425 autem
450 2385 594 2435 θεσμὸς
625 2384 665 2424 11.
694 2384 719 2424 l.
751 2398 878 2424 unam
910 2384 1042 2437 legem
1075 2389 1118 2423 et
1149 2386 1437 2436 antegressam
1470 2381 1649 2435 quidem,

131 2455 237 2494 quae
268 2440 417 2480 Meieri
447 2441 518 2493 (de
546 2440 665 2480 bonis
696 2441 834 2480 damn.
860 2455 901 2493 p.
924 2442 1034 2490 142.)
1062 2453 1178 2479 mens
1209 2444 1285 2486 est,
1315 2453 1369 2479 an
1399 2438 1539 2491 plures
1566 2451 1649 2477 uno

131 2511 304 2550 corpore
340 2497 660 2550 comprehensas
696 2496 898 2550 designet,
933 2495 1088 2549 ambigi
1120 2500 1274 2549 potest.
1336 2493 1525 2534 Alterius
1561 2507 1651 2533 sen-

130 2553 290 2593 tentiae
321 2552 605 2606 Harpocratio
633 2557 781 2592 auctor
809 2556 884 2600 est,
908 2566 940 2591 s.
965 2567 1000 2592 v.
1024 2553 1190 2601 θεσμόςε
1220 2553 1398 2590 ἐκαλεῖτο
1425 2551 1498 2600 μὲν
1526 2550 1651 2589 πάλαι

132 2610 193 2648 καὶ
230 2610 283 2650 εἷς
317 2610 480 2651 ἕκαστος
516 2612 592 2648 τῶν
629 2610 756 2658 νόμων
794 2608 935 2658 θεσμὸς
972 2609 1032 2647 καὶ
1065 2608 1107 2646 τὸ
1143 2608 1240 2646 ὅλον
1277 2608 1316 2646 δὲ
1354 2609 1417 2656 τῆς
1452 2606 1650 2646 πολιτείας

131 2667 337 2716 σύνταγμα
367 2666 463 2704 οὕτω
496 2664 682 2714 κέκληκεν
713 2666 733 2703 ὁ
767 2663 1023 2714 Δημοσθένης
1055 2665 1098 2703 ἐν
1128 2666 1179 2716 τῷ
1212 2661 1289 2702 κατ’
1315 2660 1648 2713 Ἀριστοκράτους.

133 2721 278 2775 Neque
309 2726 451 2760 tamen
482 2721 603 2774 plane
634 2725 750 2760 recta
785 2725 849 2760 est
881 2720 967 2772 ejus
1001 2718 1322 2772 interpretatio:
1365 2722 1532 2757 tantum
1565 2717 1652 2758 τοὺς

132 2777 314 2828 φονικοὺς
348 2779 486 2827 νόμους
524 2776 729 2816 intellexit
766 2782 920 2823 orator,
959 2790 1040 2814 non
1074 2780 1212 2815 totum
1247 2773 1499 2827 reipublicae
1535 2772 1654 2812 insti—

132 2837 285 2882 tutum,
320 2832 417 2872 licet
451 2833 687 2887 negandum
722 2847 803 2871 non
840 2832 894 2872 sit
929 2832 1064 2885 ipsum
1098 2831 1346 2878 Draconem,
1379 2843 1505 2882 quum
1541 2828 1651 2881 leges

133 2903 228 2929 suas
257 2888 522 2935 condidisset,
549 2889 657 2929 hanc
686 2888 875 2929 ultimam
904 2888 957 2928 ad
988 2888 1099 2941 leges
1131 2892 1172 2926 et
1203 2886 1402 2940 capitales
1431 2890 1474 2924 et
1501 2883 1649 2932 civiles,

133 2945 283 2998 quibus
314 2949 408 2985 tota
437 2945 585 2986 civitas
616 2950 843 2999 regeretur,
873 2943 1090 2983 retulisse:
1124 2943 1166 2983 id
1198 2943 1309 2998 quod
1340 2941 1468 2982 etiam
1496 2955 1517 2981 e
1548 2940 1650 2979 Por-

876 3015 903 3038 Y
