1997 3256
436 142 497 182 IN
531 141 889 183 ORATIONEM
926 142 1299 183 LEPTlNEAM.
1545 143 1624 183 621

111 252 253 288 autem
274 261 357 287 non
382 251 485 300 puto
509 247 676 287 omnino
698 262 748 287 cx
771 246 917 287 iisdem
937 247 1214 302 compositum
1235 248 1374 296 fuisso,
1397 247 1466 302 qui
1488 253 1628 288 essent

112 303 154 343 in
175 303 376 344 classibus
398 305 683 355 εἰσφερόντων;
716 303 910 344 videntur
940 304 1079 358 potius
1100 319 1152 344 ox
1182 304 1246 352 iis,
1268 304 1418 358 quibus
1439 304 1627 345 modicae

111 360 278 400 divitiae
301 364 450 406 essent,
480 359 618 413 plures
648 359 689 399 in
720 360 818 400 solis
850 363 1052 411 εἰσφοραῖς
1080 361 1314 408 contulisse,
1338 375 1507 401 vacasse
1529 375 1626 400 con-

111 422 179 456 tra
209 431 234 456 a
264 416 553 456 t1-ie1·a1·ehia1¹.
616 416 881 456 Constitutac
911 416 1040 470 igitur
1069 417 1124 457 ad
1152 418 1261 457 hanc
1287 431 1450 470 quoque
1479 416 1626 471 viginti

111 472 370 526 symmoriae,
408 486 710 526 sexagenorum
746 473 960 512 hominum
995 472 1195 526 singulae,
1230 487 1281 512 cx
1313 473 1462 526 quibus
1498 473 1625 514 etiam
1639 477 1722 519 106

111 529 262 582 plures,
298 542 422 582 quam
457 534 568 575 ante,
606 529 727 568 unius
767 529 882 569 navis
917 543 1064 568 caussa
1100 529 1412 582 jungebantur3
1454 529 1627 569 dubium

110 591 251 624 tamen
289 599 343 624 an
379 590 574 625 manento
611 585 679 624 1110
714 585 874 624 delecto
907 584 1052 623 ordine
1087 589 1414 624 t1·00ent0ru1n³.
1485 588 1628 639 Atque

112 640 215 681 haec
235 640 344 681 ratio
365 641 637 681 trierarchiae
658 641 873 680 faciendae
891 645 1039 680 vocata
1061 645 1126 680 est
1148 640 1367 689 συντέλεια,
1390 640 1434 680 id
1455 645 1520 680 est
1541 655 1627 681 con-

111 696 287 745 tributio,
311 703 353 737 ct
375 701 590 742 συντελεῖς,
613 711 665 737 ex
687 696 837 749 quibus
859 695 1083 736 societates
1104 696 1211 736 istae
1232 696 1391 737 fiebant
1404 705 1437 736 y·
1500 697 1628 750 Cujus

113 753 302 800 rationis,
321 753 399 793 etsi
422 753 539 806 quasi
561 753 882 806 praetereundo,
904 752 965 792 ita
987 757 1128 792 tamon
1151 757 1296 792 orator
1323 752 1362 791 in
1397 752 1474 792 hoc
1498 753 1723 803 libro'l1107‘

112 809 366 849 mentionem
398 809 510 852 facit.
540 813 588 848 ut
616 823 709 848 eam
732 808 894 862 Olymp.
915 810 1005 855 106,
1032 822 1068 849 2.
1089 808 1213 862 plane
1242 813 1458 861 receptam
1488 810 1628 863 putari

113 870 320 918 oporteat.
383 865 503 916 Quod
526 864 693 918 quidem
724 879 772 904 eo
803 865 941 904 facere
972 864 1114 904 licebit
1144 865 1432 913 confidentius,
1456 865 1555 919 quia
1587 865 1630 905 in

112 921 193 961 alia
223 921 428 969 0111110110,
460 935 585 974 quam
621 920 855 973 insequenti
891 934 1001 961 anno
1033 921 1084 960 de
1117 921 1360 961 ordinandis
1396 922 1630 975 symmoliis

113 977 273 1026 habuit,
296 977 482 1031 ejusdem
503 976 825 1017 contributionis
856 976 898 1015 in
928 976 1031 1016 t11e1
1033 976 1176 1017 ‘uclna
1196 981 1391 1030 receptae
1420 983 1462 1018 et
1482 978 1629 1032 viginti

1033 1033 1214 1073 Accedit
1238 1034 1367 1074 etiam
1388 1034 1525 1074 olatio
1550 1035 1631 1074 Mi-

113 1033 429 1087 symmoliarum
460 1032 706 1073 nominatim
736 1032 973 1073 meminita.

113 1089 284 1138 diana,
274 1105 316 1129 111
338 1104 419 1143 qua
441 1089 524 1129 tale
545 1093 610 1129 est
632 1088 831 1128 indicium
850 1089 922 1136 101,
945 1097 992 1129 ut
1014 1103 1063 1129 ea
1086 1089 1200 1130 haud
1221 1090 1352 1129 multo
1374 1095 1486 1138 ante,
1505 1105 1631 1144 quam

114 1145 196 1186 ista
232 1160 378 1186 caussa
414 1150 623 1200 ageretur,
657 1145 855 1185 instituta
884 1121 1013 1185 videri
1051 1145 1202 1186 debeat
1216 1146 1247 1185 b.

114 1216 261 1242 caussa
279 1201 469 1242 Midiana
490 1202 544 1243 ad
563 1202 727 1256 Olymp.
751 1203 838 1250 106,
857 1213 921 1252 40.

158 1356 176 1372 u
204 1349 275 1379 Non
293 1349 402 1379 videor
422 1349 499 1378 mihi
519 1349 606 1379 abuti
625 1350 726 1379 verbis
745 1350 836 1379 Orat.

116 1397 242 1421 nostrae
272 1402 301 1430 p.
326 1391 399 1428 465..
425 1392 546 1421 Οὐκοῦν
572 1392 600 1421 οἵ
629 1391 686 1428 μὲν
716 1391 838 1421 ἐλάττω

115 1433 299 1470 κεκτημένοι
316 1435 372 1463 τοῦ
391 1433 590 1472 τριηραρχίας
614 1434 680 1472 ἄξια
704 1434 789 1472 ἔχειν
807 1434 839 1463 ἐν

115 1477 184 1506 ταῖς
207 1475 364 1516 εἰσφοραῖς
385 1478 591 1506 συντελοῦσιν
608 1475 650 1506 εἷς
670 1476 726 1506 τὸν
742 1475 838 1506 πόλε-

114 1529 182 1555 μον·
214 1519 243 1548 οἱ
269 1520 294 1547 δ’
316 1518 528 1557 ἐφικνούμενοι
554 1520 611 1548 τοῦ
640 1519 839 1558 τριηραρχεῖν

116 1560 158 1591 εἷς
174 1560 335 1600 ἀμφότερα
352 1563 419 1598 ὑμῖν
433 1560 598 1599 ὑπάρξουσι
614 1561 774 1600 χρήσιμοι,
789 1561 839 1591 καὶ

116 1606 315 1643 τριηραρχεῖν
333 1603 381 1634 καὶ
399 1603 564 1643 εἷσφέρειν.

159 1651 177 1669 Χ
201 1647 366 1677 Dubitatio
381 1658 450 1676 mea
467 1653 535 1676 turn
552 1646 628 1676 alias
644 1657 769 1676 caussas
786 1646 839 1676 ha-

116 1690 178 1727 bet,
201 1698 269 1719 tum
293 1690 386 1727 hanc,
405 1690 485 1728 quod
511 1690 543 1718 in
563 1689 652 1719 Orat.
670 1689 738 1729 περὶ
764 1701 840 1725 συμ-

115 1734 227 1771 μοριῶν
243 1733 323 1762 nihil
339 1732 456 1770 legitur
472 1733 510 1762 de
526 1733 683 1762 trecentis.
729 1732 841 1769 Quan-

117 1785 211 1814 quam
237 1775 352 1805 silentii
377 1775 473 1813 hujus
495 1775 558 1804 vim
583 1775 668 1804 haud
692 1785 842 1813 magnam

117 1824 206 1857 pute,
224 1828 321 1857 quum
346 1818 425 1847 nihil
450 1818 481 1847 in
506 1828 542 1848 eo
566 1817 651 1855 insit,
666 1819 751 1846 unde
775 1817 842 1847 ill‹=s

116 1871 180 1889 non
198 1861 293 1891 fuisse
309 1860 516 1898 intelligatur.
565 1860 607 1890 At
623 1860 769 1890 meminit
782 1866 844 1890 tre-

116 1909 282 1933 centorum
299 1904 412 1933 Oratio
437 1904 468 1932 in
491 1903 723 1942 Phaenippum.
771 1903 842 1932 Me-

118 1945 212 1976 minit
235 1957 330 1980 sane;
354 1957 511 1984 nusquam
530 1952 636 1975 tamen
653 1953 775 1975 certum
792 1946 841 1974 in-

117 1988 235 2018 dicium
251 1988 357 2024 habet,
375 1996 447 2018 utro
462 1990 500 2018 de
517 1999 648 2018 munere
664 1995 789 2027 agatur,
805 1989 843 2018 de

118 2031 312 2067 trierarchia,
340 2042 381 2060 an
412 2031 450 2061 de
478 2030 644 2069 εἰσφοραῖς.
691 2031 842 2069 Legimus

118 2073 245 2112 quidem
268 2074 308 2102 ibi
327 2074 359 2102 in
377 2074 514 2111 Argum.
534 2074 655 2103 Graeco
670 2071 842 2103 11300;””Ην

119 2114 284 2153 σύνταγμα
300 2115 380 2153 παρὰ
395 2117 460 2146 τοῖς
471 2116 639 2151 Ἀθηναίοις
657 2116 842 2154 τριακοσίων

119 2158 235 2197 ἀνδρῶν
258 2158 338 2188 κατὰ
363 2158 419 2188 τὸν
442 2160 580 2188 πλοῦτον
609 2157 841 2196 ἐξειλεγμένων,

119 2199 163 2231 οἷς
179 2200 338 2230 ἀνέκειντο
354 2202 417 2230 τῶν
431 2202 633 2239 λειτουργιῶν
649 2201 679 2230 αἱ
693 2199 841 2238 μείζονες,

119 2244 151 2273 11.
169 2253 196 2273 0.
213 2245 362 2282 lituryiae
377 2245 659 2274 eaetraorclinarme.
700 2245 758 2274 sed
773 2244 843 2282 quis

120 2296 177 2315 nos
199 2287 318 2323 doceat,
335 2287 374 2316 de
390 2297 452 2325 quo
475 2294 614 2325 tempore
638 2286 688 2316 hic
712 2287 844 2325 scriptor

120 2328 279 2368 loquatur,
298 2339 396 2368 quum
421 2329 573 2359 orationis
597 2329 694 2368 ipsius
719 2335 844 2368 tempus

121 2379 278 2401 incertum
295 2379 334 2401 Sit
347 2374 360 2401 ?

169 2419 187 2442 y
212 2413 349 2454 Etymol.
380 2414 429 2443 M.
456 2421 487 2443 et
517 2415 624 2444 eodem
658 2414 723 2444 sere
754 2415 846 2444 modo

124 2456 276 2495 Harpocr.
300 2467 329 2485 v.
356 2457 527 2486 συντελεῖς.
565 2455 604 2486 Οἳ
626 2457 847 2495 τριηραρχοῦν-

122 2510 175 2529 τες
191 2499 265 2529 νεὼς
280 2499 350 2536 μιᾶς
369 2497 431 2535 ἅμα
447 2499 666 2535 ἐπεμελοῦντο,
684 2499 847 2529 συντελεῖς

124 2541 284 2579 ἐλέγοντο.
331 2541 372 2571 Τὸ
397 2540 429 2570 δὲ
454 2541 581 2580 πρᾶγμα
605 2538 771 2570 συντέλεια
794 2553 847 2571 κα-

122 2585 250 2614 λεῖται.-
282 2584 403 2621 Quodsi
429 2584 639 2623 Antiphontis
666 2584 846 2622 auctoritas,

123 2637 218 2665 quam
238 2627 390 2666 Harpocr.
407 2627 505 2663 addit,
518 2627 585 2656 loco
600 2637 657 2656 suo
673 2627 773 2665 posita
789 2633 845 2662 est,

123 2670 278 2708 pertinuit
300 2679 337 2699 ea
359 2671 398 2699 ad
422 2669 507 2699 aliud
531 2680 632 2708 genus
654 2668 844 2698 συντελείας.

128 2712 224 2751 quue
246 2713 314 2752 ipsa
336 2712 498 2752 inscriptio
516 2712 666 2742 orationis
689 2711 848 2750 probabile

124 2755 209 2785 facit.

169 2802 183 2819 Ζ
202 2798 274 2827 Vid.
293 2809 322 2836 p.
340 2797 413 2836 463.

168 2844 185 2861 a
208 2841 503 2870 Animadvertenda
532 2840 572 2869 ibi
600 2839 745 2877 inprimis
773 2845 848 2868 sunt

126 2882 203 2912 haec
218 2893 246 2921 p.
261 2884 328 2919 182,
341 2884 388 2912 18.
406 2881 499 2919 Οἶμαι
515 2883 578 2912 δεῖν
589 2883 715 2917 ποιῆσαι
729 2893 847 2918 συμμο-

125 2924 191 2962 ρίας
218 2926 344 2960 εἴκοσιν,
369 2925 483 2963 ὥςπερ
507 2925 570 2954 νῦν
595 2923 700 2961 εἰσιν,
726 2923 849 2961 ἑξήκον-

126 2978 166 2996 τα
182 2967 310 3004 σώματα
327 2967 465 3005 ἔχουσαν
481 2966 627 3003 ἑκάστην.
666 2967 760 3004 Quod
777 2976 847 2995 ora-

1309 1146 1503 1186 Pertinet
1533 1161 1630 1187 vero

907 1348 1025 1377 tionem
1054 1347 1155 1377 refero
1181 1348 1218 1376 ad
1242 1346 1456 1386 Olymp.1o6,
1475 1357 1515 1385 3,,
1538 1348 1571 1377 111
1595 1359 1633 1379 00

906 1400 1019 1429 sequor
1050 1390 1242 1429 Dionysium
1274 1390 1373 1419 Halic.
1402 1391 1458 1428 Ep.
1488 1392 1527 1420 ad
1550 1391 1631 1420 Am-

907 1442 1033 1462 maeum
1059 1434 1084 1468 §-
1107 1441 1150 1468 4.,
1176 1433 1229 1461 ubi
1260 1433 1395 1470 primam
1427 1432 1512 1461 illam
1544 1433 1634 1472 pouit

907 1475 1103 1514 publicarum
1122 1475 1314 1505 Oratiomnn
1339 1482 1370 1505 et
1394 1474 1535 1505 habitam
1557 1476 1634 1506 Dio-

907 1518 985 1548 timo
1001 1517 1100 1547 Arch.

952 1562 969 1583 b
994 1560 1086 1589 Orat.
1110 1559 1141 1588 in
1168 1559 1249 1589 Mid.
1274 1570 1305 1598 p.
1324 1558 1397 1598 564,
1413 1559 1459 1589 16.
1480 1556 1581 1589 Οὗτος
1601 1558 1634 1599 (ὁ

909 1601 1049 1641 Μειδίας)
1078 1602 1216 1639 ’γεγονὼς
1248 1601 1304 1638 ἔτη
1334 1603 1401 1641 περὶ
1434 1600 1633 1636 πεντήκοντα

907 1646 980 1675 ἴσως
997 1644 1015 1680 ἢ
1036 1645 1143 1683 μικρὸν
1160 1643 1283 1674 ἐλάττω
1307 1643 1394 1674 οὐδὲν
1411 1645 1484 1681 ἐμοῦ
1506 1643 1633 1674 πλείους

908 1687 1104 1727 λειτουργίας
1131 1688 1199 1724 ὑμῖν
1223 1686 1496 1727 λελειτούργηκεν,
1519 1687 1553 1716 ὓς
1579 1685 1633 1716 δύο

909 1730 959 1760 καὶ
989 1729 1157 1769 τριάκοντα
1188 1730 1243 1766 ἔτη
1274 1729 1401 1767 γέγονα.
1452 1729 1545 1765 Κάγὼ
1575 1728 1632 1766 μὲν

909 1773 976 1803 κατ’
992 1772 1126 1803 ἐκείνους
1149 1772 1221 1803 τοὺς
1244 1772 1375 1811 χρόνους
1400 1771 1634 1811 ἐτριηράρχουν,

911 1815 996 1846 εὐθὺς
1014 1816 1048 1845 ἐκ
1063 1814 1179 1845 παίδων
1196 1815 1338 1853 ἐξελθών,
1358 1815 1411 1845 ὅτε
1428 1814 1539 1844 σύνδυο
1556 1813 1634 1851 ἦμεν

911 1859 939 1888 οἵ
962 1858 1154 1897 τριήραρχοι,
1182 1858 1231 1887 καὶ
1253 1857 1294 1887 τὰ
1318 1858 1506 1894 ἀναλώματα
1531 1856 1635 1887 πάντα

912 1902 946 1931 ἐκ
963 1903 1026 1931 τῶν
1042 1901 1124 1931 ἰδίων
1139 1902 1238 1937 οἴκων,
1256 1900 1306 1930 καὶ
1322 1900 1378 1930 τὰς
1395 1901 1466 1930 ναῦς
1483 1901 1632 1938 ἐπληροῦ-

910 1956 966 1980 μεν
983 1944 1080 1973 αὐτοί·
1105 1942 1195 1973 οὗτος
1211 1943 1254 1975 δέ,
1273 1943 1325 1973 ὅτε
1347 1942 1403 1979 μὲν
1419 1942 1499 1972 κατὰ
1515 1942 1634 1978 ταύτην

909 1986 968 2023 την
989 1986 1113 2022 ἰ’,λικίαν
1133 1984 1181 2024 ἦν,
1206 1986 1271 2016 καθ’
1288 1985 1325 2021 ἢν
1347 1985 1408 2022 ἐγὼ
1432 1997 1495 2023 νυν,
1516 1984 1634 2015 οὐδεπω

909 2034 1051 2067 λειτουρη
1051 2041 1104 2058 ειν
1124 2029 1253 2066 ἤρχετο,
1276 2029 1484 2064 τηνικαῦτα
1507 2026 1544 2057 δὲ
1569 2029 1636 2057 τοῦ

909 2071 1124 2110 πράγματος
1154 2075 1282 2107 ἠπται,
1309 2071 1371 2100 ὅτε
1401 2073 1544 2108 πρῶτον
1569 2069 1636 2107 μὲν

909 2115 1122 2144 διακοσίους
1147 2114 1204 2143 καὶ
1230 2114 1380 2152 χιλίους
1403 2112 1635 2149 πεποιήκατε

910 2158 1105 2187 συντελεῖς
1131 2157 1241 2194 ὑμεῖς.

953 2204 968 2221 C
990 2200 1039 2229 Sic
1056 2200 1219 2229 scribendo
1234 2198 1404 2237 effugimus
1419 2197 1635 2228 necessitatem

912 2243 1081 2282 quaerendi
1095 2244 1133 2272 de
1148 2253 1233 2272 anno
1249 2242 1410 2279 orationis,
1422 2242 1488 2271 sive
1503 2240 1638 2278 scriptae

911 2286 1014 2321 modo,
1037 2285 1103 2315 sive
1126 2284 1222 2315 etiam
1247 2284 1382 2314 habitae.
1430 2284 1578 2322 Namque
1604 2283 1636 2312 id

913 2327 1015 2367 ipsum
1039 2327 1215 2365 dubitatur,
1235 2337 1275 2357 an
1298 2327 1407 2356 habita
1430 2327 1490 2361 sit;
1515 2334 1546 2356 et
1569 2336 1636 2356 me-

912 2371 984 2400 rito.
1031 2370 1152 2400 Caussa
1174 2376 1280 2400 autem
1305 2369 1457 2409 assignari
1481 2369 1573 2399 debet
1589 2368 1635 2398 O-

913 2413 1010 2453 lymp.
1027 2412 1096 2449 106,
1108 2422 1152 2452 4.,
1168 2413 1192 2442 31
1211 2412 1439 2443 Demosthenes
1456 2418 1537 2442 recte
1553 2411 1637 2441 locu-

913 2462 964 2485 tus
987 2462 1044 2490 est,
1061 2466 1160 2494 quum
1185 2456 1266 2485 dixit
1288 2455 1308 2484 l.
1325 2464 1362 2492 c.‚
1380 2465 1502 2484 annum
1525 2454 1637 2484 aetatis

913 2509 946 2528 se
970 2509 1063 2538 agere
1089 2498 1256 2527 XXXIII.
1305 2498 1348 2527 At
1372 2497 1504 2536 Dionys.
1532 2496 1636 2526 Halic.

916 2541 973 2579 Ep.
994 2542 1032 2570 ad
1050 2541 1242 2570 Aminaeum
1260 2540 1279 2569 1.
1293 2550 1318 2569 0.
1337 2539 1525 2570 Orationem
1542 2539 1638 2568 refert

914 2583 1061 2622 scriptam
1086 2594 1151 2613 esse
1176 2582 1369 2612 Callimacho
1392 2581 1488 2611 Arch.
1506 2581 1636 2620 Olymp.

918 2633 989 2664 107,
1002 2634 1031 2662 4.
1075 2626 1167 2662 Quae
1183 2625 1347 2655 diversitas
1363 2623 1443 2653 nihil
1459 2634 1515 2654 nos
1530 2633 1636 2653 move-

914 2674 961 2697 ret
984 2674 1113 2706 propter
1136 2667 1224 2705 illud,
1242 2668 1324 2705 quod
1348 2676 1443 2704 supra
1458 2667 1497 2696 de
1511 2665 1639 2696 calculis

916 2710 1061 2750 Dionysii
1075 2710 1140 2739 dixi
1154 2710 1186 2739 in
1201 2717 1274 2739 nota
1287 2710 1324 2738 ad
1339 2719 1368 2747 p.
1381 2709 1445 2744 62„
1458 2708 1517 2738 nisi
1531 2714 1639 2738 orator

915 2753 956 2782 ibi
968 2763 1015 2782 res
1027 2760 1129 2791 gestas
1140 2758 1409 2787 commemoraret,
1422 2761 1498 2790 quas
1509 2751 1639 2781 demum

917 2803 983 2834 post
1008 2795 1135 2835 Olymp.
1156 2794 1223 2825 106.
1253 2801 1355 2833 gestas
1381 2794 1511 2823 historia
1538 2793 1638 2832 ponit.

915 2838 974 2868 Sed
993 2837 1051 2867 hoc
1067 2838 1098 2866 in
1124 2837 1191 2867 loco
1208 2837 1287 2866 nihil
1311 2837 1442 2866 interest
1461 2846 1560 2873 nosse,
1577 2845 1641 2874 quo

916 2890 1001 2909 anno
1024 2880 1139 2919 scripta
1163 2880 1202 2910 sit
1225 2880 1345 2909 oratio:
1369 2879 1398 2908 id
1421 2880 1561 2915 interest,
1578 2888 1641 2916 quo

916 2933 1002 2952 anuo
1026 2924 1093 2961 ejus
1118 2933 1228 2952 caussa
1252 2922 1292 2951 sit
1316 2923 1471 2961 ponenda.
1518 2920 1642 2950 Scilicet

917 2966 993 2995 haec
1006 2967 1068 2996 duo
1084 2965 1206 2996 diversa
1222 2972 1297 2995 sunt
1314 2975 1376 2995 non
1395 2974 1518 3003 parum.
1556 2963 1643 3002 [Fal-

984 1202 1014 1241 J
1017 1216 1085 1242 am
1106 1216 1262 1242 annum
1284 1202 1316 1242 si
1340 1216 1528 1256 quaeras,
1547 1217 1629 1256 quo
1642 1211 1726 1251 '108
