<?xml version="1.0" encoding="UTF-8"?>
<!DOCTYPE html PUBLIC "-//W3C//DTD XHTML 1.0 Transitional//EN"
    "http://www.w3.org/TR/xhtml1/DTD/xhtml1-transitional.dtd">
<html xmlns="http://www.w3.org/1999/xhtml" xml:lang="en" lang="en">
 <head>
  <title>
</title>
<meta http-equiv="Content-Type" content="text/html;charset=utf-8" />
  <meta name='ocr-system' content='tesseract 3.04.00' />
  <meta name='ocr-capabilities' content='ocr_page ocr_carea ocr_par ocr_line ocrx_word'/>
</head>
<body>
  <div class='ocr_page' id='page_1' title='image "./operaexrecension06demouoft/operaexrecension06demouoft_0126.png"; bbox 0 0 1997 3256; ppageno 0'>
   <div class='ocr_carea' id='block_1_1' title="bbox 325 156 1428 198">
    <p class='ocr_par' dir='ltr' id='par_1_1' title="bbox 325 156 1428 198">
     <span class='ocr_line' id='line_1_1' title="bbox 325 156 1428 198; baseline -0.001 -1"><span class='ocrx_word' id='word_1_1' title='bbox 325 158 407 198; x_wconf 68' lang='lat'>712</span> <span class='ocrx_word' id='word_1_2' title='bbox 741 156 1062 196; x_wconf 66' lang='lat' dir='ltr'>ADVERSUS</span> <span class='ocrx_word' id='word_1_3' title='bbox 1097 156 1428 196; x_wconf 81' lang='lat' dir='ltr'>LEPTINEM.</span> 
     </span>
    </p>
   </div>
   <div class='ocr_carea' id='block_1_2' title="bbox 326 261 1857 3001">
    <p class='ocr_par' dir='ltr' id='par_1_2' title="bbox 326 261 1853 1550">
     <span class='ocr_line' id='line_1_2' title="bbox 327 261 1844 316; baseline -0.001 -14"><span class='ocrx_word' id='word_1_4' title='bbox 327 263 439 303; x_wconf 85' lang='lat' dir='ltr'>haud</span> <span class='ocrx_word' id='word_1_5' title='bbox 466 262 664 316; x_wconf 52' lang='lat' dir='ltr'>privat-effi,</span> <span class='ocrx_word' id='word_1_6' title='bbox 688 261 832 315; x_wconf 86' lang='lat' dir='ltr'>quales</span> <span class='ocrx_word' id='word_1_7' title='bbox 860 261 994 301; x_wconf 82' lang='lat' dir='ltr'>Roma</span> <span class='ocrx_word' id='word_1_8' title='bbox 1023 267 1158 309; x_wconf 74' lang='lat' dir='ltr'>norat,</span> <span class='ocrx_word' id='word_1_9' title='bbox 1183 263 1255 302; x_wconf 86' lang='lat' dir='ltr'>sed</span> <span class='ocrx_word' id='word_1_10' title='bbox 1283 261 1469 315; x_wconf 89' lang='lat' dir='ltr'>publicas</span> <span class='ocrx_word' id='word_1_11' title='bbox 1491 266 1534 301; x_wconf 81' lang='lat' dir='ltr'>et</span> <span class='ocrx_word' id='word_1_12' title='bbox 1560 261 1702 314; x_wconf 90' lang='lat' dir='ltr'>populi</span> <span class='ocrx_word' id='word_1_13' title='bbox 1726 261 1844 315; x_wconf 87' lang='lat' dir='ltr'>jussu</span> 
     </span>
     <span class='ocr_line' id='line_1_3' title="bbox 326 317 1846 368; baseline -0.001 -10"><span class='ocrx_word' id='word_1_14' title='bbox 326 319 573 358; x_wconf 62' lang='lat' dir='ltr'>celebratas</span> <span class='ocrx_word' id='word_1_15' title='bbox 634 317 767 368; x_wconf 73' lang='lat' dir='ltr'>Quem</span> <span class='ocrx_word' id='word_1_16' title='bbox 795 317 924 357; x_wconf 90' lang='lat' dir='ltr'>talem</span> <span class='ocrx_word' id='word_1_17' title='bbox 951 332 1110 357; x_wconf 88' lang='lat' dir='ltr'>morem</span> <span class='ocrx_word' id='word_1_18' title='bbox 1132 317 1462 358; x_wconf 76' lang='lat' dir='ltr'>Atheniensibus</span> <span class='ocrx_word' id='word_1_19' title='bbox 1491 317 1588 356; x_wconf 89' lang='lat' dir='ltr'>solis</span> <span class='ocrx_word' id='word_1_20' title='bbox 1615 318 1655 357; x_wconf 88' lang='lat' dir='ltr'>h.</span> <span class='ocrx_word' id='word_1_21' title='bbox 1677 317 1702 357; x_wconf 94' lang='grc'>1.</span> <span class='ocrx_word' id='word_1_22' title='bbox 1730 323 1846 358; x_wconf 87' lang='lat' dir='ltr'>recte</span> 
     </span>
     <span class='ocr_line' id='line_1_4' title="bbox 328 373 1846 428; baseline -0.001 -15"><span class='ocrx_word' id='word_1_23' title='bbox 328 374 525 414; x_wconf 71' lang='lat' dir='ltr'>vindicari</span> <span class='ocrx_word' id='word_1_24' title='bbox 556 373 724 428; x_wconf 81' lang='lat' dir='ltr'>colligas</span> <span class='ocrx_word' id='word_1_25' title='bbox 752 373 906 427; x_wconf 85' lang='lat' dir='ltr'>partim</span> <span class='ocrx_word' id='word_1_26' title='bbox 935 388 986 413; x_wconf 83' lang='lat' dir='ltr'>ex</span> <span class='ocrx_word' id='word_1_27' title='bbox 1008 388 1067 420; x_wconf 77' lang='lat' dir='ltr'>eo.</span> <span class='ocrx_word' id='word_1_28' title='bbox 1091 374 1202 427; x_wconf 90' lang='lat' dir='ltr'>quod</span> <span class='ocrx_word' id='word_1_29' title='bbox 1230 387 1435 426; x_wconf 76' lang='lat' dir='ltr'>nusquam</span> <span class='ocrx_word' id='word_1_30' title='bbox 1465 373 1595 413; x_wconf 87' lang='lat' dir='ltr'>simile</span> <span class='ocrx_word' id='word_1_31' title='bbox 1617 374 1846 427; x_wconf 73' lang='lat' dir='ltr'>quidquam</span> 
     </span>
     <span class='ocr_line' id='line_1_5' title="bbox 328 429 1844 482; baseline -0.001 -13"><span class='ocrx_word' id='word_1_32' title='bbox 328 431 379 470; x_wconf 90' lang='lat' dir='ltr'>de</span> <span class='ocrx_word' id='word_1_33' title='bbox 406 430 489 470; x_wconf 88' lang='lat' dir='ltr'>alia</span> <span class='ocrx_word' id='word_1_34' title='bbox 517 429 686 470; x_wconf 83' lang='lat' dir='ltr'>natione</span> <span class='ocrx_word' id='word_1_35' title='bbox 716 429 919 470; x_wconf 77' lang='lat' dir='ltr'>Graeciae</span> <span class='ocrx_word' id='word_1_36' title='bbox 948 435 1156 477; x_wconf 67' lang='lat' dir='ltr'>narratur,</span> <span class='ocrx_word' id='word_1_37' title='bbox 1180 429 1336 482; x_wconf 87' lang='lat' dir='ltr'>partim</span> <span class='ocrx_word' id='word_1_38' title='bbox 1363 429 1491 469; x_wconf 85' lang='lat' dir='ltr'>etiam</span> <span class='ocrx_word' id='word_1_39' title='bbox 1519 443 1570 469; x_wconf 83' lang='lat' dir='ltr'>ex</span> <span class='ocrx_word' id='word_1_40' title='bbox 1591 430 1725 470; x_wconf 84' lang='lat' dir='ltr'>verbis</span> <span class='ocrx_word' id='word_1_41' title='bbox 1746 429 1844 469; x_wconf 88' lang='lat' dir='ltr'>Ari-</span> 
     </span>
     <span class='ocr_line' id='line_1_6' title="bbox 329 485 1847 539; baseline -0.001 -13"><span class='ocrx_word' id='word_1_42' title='bbox 329 486 448 526; x_wconf 86' lang='lat' dir='ltr'>stidis</span> <span class='ocrx_word' id='word_1_43' title='bbox 470 486 547 526; x_wconf 76' lang='lat' dir='ltr'>vol.</span> <span class='ocrx_word' id='word_1_44' title='bbox 578 500 611 525; x_wconf 93' lang='grc'>1.</span> <span class='ocrx_word' id='word_1_45' title='bbox 633 501 673 539; x_wconf 88' lang='lat' dir='ltr'>p.</span> <span class='ocrx_word' id='word_1_46' title='bbox 701 499 808 539; x_wconf 68' lang='lat'>190..</span> <span class='ocrx_word' id='word_1_47' title='bbox 831 485 929 525; x_wconf 85' lang='lat' dir='ltr'>licet</span> <span class='ocrx_word' id='word_1_48' title='bbox 950 487 1004 526; x_wconf 90' lang='lat' dir='ltr'>ab</span> <span class='ocrx_word' id='word_1_49' title='bbox 1033 486 1111 526; x_wconf 91' lang='lat' dir='ltr'>hoc</span> <span class='ocrx_word' id='word_1_50' title='bbox 1140 486 1308 525; x_wconf 89' lang='lat' dir='ltr'>rhetore</span> <span class='ocrx_word' id='word_1_51' title='bbox 1330 490 1521 525; x_wconf 88' lang='lat' dir='ltr'>nostrum</span> <span class='ocrx_word' id='word_1_52' title='bbox 1541 486 1677 525; x_wconf 88' lang='lat' dir='ltr'>locum</span> <span class='ocrx_word' id='word_1_53' title='bbox 1698 485 1847 539; x_wconf 80' lang='lat' dir='ltr'>respici</span> 
     </span>
     <span class='ocr_line' id='line_1_7' title="bbox 329 541 1850 596; baseline 0 -14"><span class='ocrx_word' id='word_1_54' title='bbox 329 542 498 582; x_wconf 84' lang='lat' dir='ltr'>dixeris.</span> <span class='ocrx_word' id='word_1_55' title='bbox 562 542 697 596; x_wconf 84' lang='lat' dir='ltr'>Ipsius</span> <span class='ocrx_word' id='word_1_56' title='bbox 730 546 872 582; x_wconf 88' lang='lat' dir='ltr'>autem</span> <span class='ocrx_word' id='word_1_57' title='bbox 906 542 1029 595; x_wconf 84' lang='lat' dir='ltr'>hujus</span> <span class='ocrx_word' id='word_1_58' title='bbox 1067 542 1194 582; x_wconf 88' lang='lat' dir='ltr'>moris</span> <span class='ocrx_word' id='word_1_59' title='bbox 1229 556 1326 582; x_wconf 80' lang='lat' dir='ltr'>vera</span> <span class='ocrx_word' id='word_1_60' title='bbox 1359 541 1477 595; x_wconf 79' lang='lat' dir='ltr'>origo</span> <span class='ocrx_word' id='word_1_61' title='bbox 1509 546 1549 582; x_wconf 91' lang='lat' dir='ltr'>et</span> <span class='ocrx_word' id='word_1_62' title='bbox 1581 541 1793 582; x_wconf 88' lang='lat' dir='ltr'>institutio</span> <span class='ocrx_word' id='word_1_63' title='bbox 1823 556 1850 582; x_wconf 86' lang='lat' dir='ltr'>a</span> 
     </span>
     <span class='ocr_line' id='line_1_8' title="bbox 328 597 1849 652; baseline 0 -14"><span class='ocrx_word' id='word_1_64' title='bbox 328 604 518 652; x_wconf 88' lang='lat' dir='ltr'>tempore</span> <span class='ocrx_word' id='word_1_65' title='bbox 550 598 706 638; x_wconf 79' lang='lat' dir='ltr'>Persici</span> <span class='ocrx_word' id='word_1_66' title='bbox 737 598 832 638; x_wconf 89' lang='lat' dir='ltr'>belli</span> <span class='ocrx_word' id='word_1_67' title='bbox 863 599 1103 652; x_wconf 81' lang='lat' dir='ltr'>repetenda.</span> <span class='ocrx_word' id='word_1_68' title='bbox 1131 598 1373 638; x_wconf 83' lang='lat' dir='ltr'>auctoribus</span> <span class='ocrx_word' id='word_1_69' title='bbox 1406 597 1592 637; x_wconf 89' lang='lat' dir='ltr'>Diodoro</span> <span class='ocrx_word' id='word_1_70' title='bbox 1622 611 1680 645; x_wconf 97' lang='grc'>11,</span> <span class='ocrx_word' id='word_1_71' title='bbox 1704 611 1772 651; x_wconf 82' lang='lat'>33.</span> <span class='ocrx_word' id='word_1_72' title='bbox 1804 603 1849 638; x_wconf 84' lang='lat' dir='ltr'>et</span> 
     </span>
     <span class='ocr_line' id='line_1_9' title="bbox 330 654 1850 708; baseline -0.001 -14"><span class='ocrx_word' id='word_1_73' title='bbox 330 655 530 708; x_wconf 70' lang='lat' dir='ltr'>Dionysio</span> <span class='ocrx_word' id='word_1_74' title='bbox 563 654 700 694; x_wconf 88' lang='lat' dir='ltr'>Halic.</span> <span class='ocrx_word' id='word_1_75' title='bbox 727 655 779 693; x_wconf 80' lang='lat' dir='ltr'>A.</span> <span class='ocrx_word' id='word_1_76' title='bbox 803 655 853 694; x_wconf 86' lang='lat' dir='ltr'>R.</span> <span class='ocrx_word' id='word_1_77' title='bbox 877 667 917 708; x_wconf 87' lang='lat'>5.</span> <span class='ocrx_word' id='word_1_78' title='bbox 949 666 1004 706; x_wconf 78' lang='lat'>17.</span> <span class='ocrx_word' id='word_1_79' title='bbox 1070 655 1271 694; x_wconf 76' lang='lat' dir='ltr'>Oratores</span> <span class='ocrx_word' id='word_1_80' title='bbox 1302 655 1445 705; x_wconf 78' lang='grc' dir='ltr'>λόγους</span> <span class='ocrx_word' id='word_1_81' title='bbox 1477 655 1704 705; x_wconf 80' lang='grc' dir='ltr'>ἐπιταφίους</span> <span class='ocrx_word' id='word_1_82' title='bbox 1734 654 1850 694; x_wconf 81' lang='lat' dir='ltr'>habi-</span> 
     </span>
     <span class='ocr_line' id='line_1_10' title="bbox 329 709 1851 765; baseline 0 -15"><span class='ocrx_word' id='word_1_83' title='bbox 329 711 413 751; x_wconf 89' lang='lat' dir='ltr'>turi</span> <span class='ocrx_word' id='word_1_84' title='bbox 447 712 696 765; x_wconf 78' lang='lat' dir='ltr'>legebantur</span> <span class='ocrx_word' id='word_1_85' title='bbox 722 726 748 751; x_wconf 88' lang='lat' dir='ltr'>a</span> <span class='ocrx_word' id='word_1_86' title='bbox 779 717 939 759; x_wconf 83' lang='lat' dir='ltr'>senatu‚</span> <span class='ocrx_word' id='word_1_87' title='bbox 972 711 1198 750; x_wconf 81' lang='lat' dir='ltr'>solennitas</span> <span class='ocrx_word' id='word_1_88' title='bbox 1228 710 1269 749; x_wconf 91' lang='grc'>111</span> <span class='ocrx_word' id='word_1_89' title='bbox 1303 709 1517 750; x_wconf 81' lang='lat' dir='ltr'>Ceramico</span> <span class='ocrx_word' id='word_1_90' title='bbox 1549 715 1670 750; x_wconf 82' lang='lat' dir='ltr'>extra</span> <span class='ocrx_word' id='word_1_91' title='bbox 1704 711 1851 750; x_wconf 89' lang='lat' dir='ltr'>urbem</span> 
     </span>
     <span class='ocr_line' id='line_1_11' title="bbox 328 765 1851 821; baseline 0 -15"><span class='ocrx_word' id='word_1_92' title='bbox 328 768 453 807; x_wconf 87' lang='lat' dir='ltr'>facta.</span> <span class='ocrx_word' id='word_1_93' title='bbox 518 767 634 808; x_wconf 88' lang='lat' dir='ltr'>Conf.</span> <span class='ocrx_word' id='word_1_94' title='bbox 660 767 834 807; x_wconf 81' lang='lat' dir='ltr'>Meursii</span> <span class='ocrx_word' id='word_1_95' title='bbox 857 767 1059 807; x_wconf 81' lang='lat' dir='ltr'>Ceramic.</span> <span class='ocrx_word' id='word_1_96' title='bbox 1082 781 1188 821; x_wconf 76' lang='lat' dir='ltr'>gelu.</span> <span class='ocrx_word' id='word_1_97' title='bbox 1211 781 1244 806; x_wconf 89' lang='lat' dir='ltr'>c.</span> <span class='ocrx_word' id='word_1_98' title='bbox 1266 779 1329 807; x_wconf 76' lang='lat'>22.</span> <span class='ocrx_word' id='word_1_99' title='bbox 1391 766 1571 806; x_wconf 85' lang='lat' dir='ltr'>Restant</span> <span class='ocrx_word' id='word_1_100' title='bbox 1593 765 1721 806; x_wconf 83' lang='lat' dir='ltr'>etiam</span> <span class='ocrx_word' id='word_1_101' title='bbox 1741 780 1851 806; x_wconf 87' lang='lat' dir='ltr'>nunc</span> 
     </span>
     <span class='ocr_line' id='line_1_12' title="bbox 329 821 1850 877; baseline 0 -14"><span class='ocrx_word' id='word_1_102' title='bbox 329 823 434 863; x_wconf 86' lang='lat' dir='ltr'>tales</span> <span class='ocrx_word' id='word_1_103' title='bbox 457 823 676 863; x_wconf 87' lang='lat' dir='ltr'>conciones</span> <span class='ocrx_word' id='word_1_104' title='bbox 703 838 754 863; x_wconf 81' lang='lat' dir='ltr'>ex</span> <span class='ocrx_word' id='word_1_105' title='bbox 779 822 1033 877; x_wconf 85' lang='lat' dir='ltr'>antiquitate</span> <span class='ocrx_word' id='word_1_106' title='bbox 1056 828 1248 876; x_wconf 70' lang='lat' dir='ltr'>quatuor.</span> <span class='ocrx_word' id='word_1_107' title='bbox 1274 822 1448 862; x_wconf 81' lang='lat' dir='ltr'>Periclis</span> <span class='ocrx_word' id='word_1_108' title='bbox 1471 821 1729 876; x_wconf 75' lang='lat' dir='ltr'>Thucydidei</span> <span class='ocrx_word' id='word_1_109' title='bbox 1751 822 1777 862; x_wconf 95' lang='lat' dir='ltr'>l.</span> <span class='ocrx_word' id='word_1_110' title='bbox 1800 837 1850 871; x_wconf 87' lang='lat' dir='ltr'>c.,</span> 
     </span>
     <span class='ocr_line' id='line_1_13' title="bbox 331 878 1852 934; baseline 0 -16"><span class='ocrx_word' id='word_1_111' title='bbox 331 879 524 920; x_wconf 83' lang='lat' dir='ltr'>Platonis</span> <span class='ocrx_word' id='word_1_112' title='bbox 558 879 599 918; x_wconf 91' lang='lat' dir='ltr'>in</span> <span class='ocrx_word' id='word_1_113' title='bbox 634 879 881 925; x_wconf 78' lang='lat' dir='ltr'>Menexeno.</span> <span class='ocrx_word' id='word_1_114' title='bbox 918 879 1153 934; x_wconf 62' lang='lat' dir='ltr'>Lysiaeque</span> <span class='ocrx_word' id='word_1_115' title='bbox 1184 884 1226 919; x_wconf 83' lang='lat' dir='ltr'>et</span> <span class='ocrx_word' id='word_1_116' title='bbox 1261 878 1571 918; x_wconf 79' lang='lat' dir='ltr'>Demosthenis,</span> <span class='ocrx_word' id='word_1_117' title='bbox 1632 879 1694 918; x_wconf 79' lang='lat' dir='ltr'>At</span> <span class='ocrx_word' id='word_1_118' title='bbox 1728 879 1852 933; x_wconf 85' lang='lat' dir='ltr'>hujus</span> 
     </span>
     <span class='ocr_line' id='line_1_14' title="bbox 328 934 1853 989; baseline -0.001 -14"><span class='ocrx_word' id='word_1_119' title='bbox 328 935 529 989; x_wconf 87' lang='lat' dir='ltr'>postremi</span> <span class='ocrx_word' id='word_1_120' title='bbox 549 950 654 988; x_wconf 84' lang='lat' dir='ltr'>quae</span> <span class='ocrx_word' id='word_1_121' title='bbox 675 935 799 975; x_wconf 88' lang='lat' dir='ltr'>hodie</span> <span class='ocrx_word' id='word_1_122' title='bbox 816 940 981 988; x_wconf 84' lang='lat' dir='ltr'>prostat</span> <span class='ocrx_word' id='word_1_123' title='bbox 1004 935 1151 982; x_wconf 70' lang='lat' dir='ltr'>oratio.</span> <span class='ocrx_word' id='word_1_124' title='bbox 1168 950 1215 975; x_wconf 88' lang='lat' dir='ltr'>ea</span> <span class='ocrx_word' id='word_1_125' title='bbox 1235 936 1324 987; x_wconf 88' lang='lat' dir='ltr'>jam</span> <span class='ocrx_word' id='word_1_126' title='bbox 1341 935 1437 974; x_wconf 91' lang='lat' dir='ltr'>olim</span> <span class='ocrx_word' id='word_1_127' title='bbox 1456 935 1584 974; x_wconf 88' lang='lat' dir='ltr'>obelis</span> <span class='ocrx_word' id='word_1_128' title='bbox 1601 934 1853 976; x_wconf 86' lang='lat' dir='ltr'>Criticorum</span> 
     </span>
     <span class='ocr_line' id='line_1_15' title="bbox 330 991 1850 1045; baseline 0 -15"><span class='ocrx_word' id='word_1_129' title='bbox 330 991 521 1031; x_wconf 84' lang='lat' dir='ltr'>confossa</span> <span class='ocrx_word' id='word_1_130' title='bbox 553 998 631 1038; x_wconf 74' lang='lat' dir='ltr'>est,</span> <span class='ocrx_word' id='word_1_131' title='bbox 664 997 709 1031; x_wconf 90' lang='lat' dir='ltr'>ut</span> <span class='ocrx_word' id='word_1_132' title='bbox 741 996 910 1045; x_wconf 88' lang='lat' dir='ltr'>praeter</span> <span class='ocrx_word' id='word_1_133' title='bbox 940 991 1043 1031; x_wconf 87' lang='lat' dir='ltr'>alios</span> <span class='ocrx_word' id='word_1_134' title='bbox 1071 992 1193 1031; x_wconf 87' lang='lat' dir='ltr'>docet</span> <span class='ocrx_word' id='word_1_135' title='bbox 1227 991 1429 1044; x_wconf 68' lang='lat' dir='ltr'>Taylorus</span> <span class='ocrx_word' id='word_1_136' title='bbox 1459 991 1599 1031; x_wconf 83' lang='lat' dir='ltr'>Lectt.</span> <span class='ocrx_word' id='word_1_137' title='bbox 1628 991 1728 1044; x_wconf 67' lang='lat' dir='ltr'>Lys.</span> <span class='ocrx_word' id='word_1_138' title='bbox 1751 1005 1786 1030; x_wconf 86' lang='lat' dir='ltr'>c.</span> <span class='ocrx_word' id='word_1_139' title='bbox 1809 1004 1850 1043; x_wconf 81' lang='lat'>3.</span> 
     </span>
     <span class='ocr_line' id='line_1_16' title="bbox 330 1046 1852 1101; baseline 0.001 -15"><span class='ocrx_word' id='word_1_140' title='bbox 330 1047 556 1100; x_wconf 64' lang='lat' dir='ltr'>Lysiacum</span> <span class='ocrx_word' id='word_1_141' title='bbox 577 1048 713 1087; x_wconf 92' lang='lat' dir='ltr'>adhuc</span> <span class='ocrx_word' id='word_1_142' title='bbox 736 1047 970 1087; x_wconf 84' lang='lat' dir='ltr'>tolerarunt</span> <span class='ocrx_word' id='word_1_143' title='bbox 993 1047 1234 1101; x_wconf 66' lang='lat' dir='ltr'>patientius</span> <span class='ocrx_word' id='word_1_144' title='bbox 1297 1047 1441 1100; x_wconf 77' lang='lat' dir='ltr'>Neque</span> <span class='ocrx_word' id='word_1_145' title='bbox 1467 1047 1568 1087; x_wconf 89' lang='lat' dir='ltr'>haec</span> <span class='ocrx_word' id='word_1_146' title='bbox 1594 1053 1735 1087; x_wconf 87' lang='lat' dir='ltr'>tamen</span> <span class='ocrx_word' id='word_1_147' title='bbox 1759 1046 1852 1100; x_wconf 86' lang='lat' dir='ltr'>ipsa</span> 
     </span>
     <span class='ocr_line' id='line_1_17' title="bbox 329 1102 1852 1157; baseline -0.001 -14"><span class='ocrx_word' id='word_1_148' title='bbox 329 1117 378 1143; x_wconf 92' lang='lat' dir='ltr'>eo</span> <span class='ocrx_word' id='word_1_149' title='bbox 409 1103 507 1143; x_wconf 88' lang='lat' dir='ltr'>stilo</span> <span class='ocrx_word' id='word_1_150' title='bbox 541 1103 712 1157; x_wconf 75' lang='lat' dir='ltr'>scripta,</span> <span class='ocrx_word' id='word_1_151' title='bbox 741 1103 811 1156; x_wconf 92' lang='lat' dir='ltr'>qui</span> <span class='ocrx_word' id='word_1_152' title='bbox 845 1118 985 1143; x_wconf 88' lang='lat' dir='ltr'>senem</span> <span class='ocrx_word' id='word_1_153' title='bbox 1019 1103 1193 1157; x_wconf 69' lang='lat' dir='ltr'>Lysiam</span> <span class='ocrx_word' id='word_1_154' title='bbox 1231 1104 1419 1150; x_wconf 69' lang='lat' dir='ltr'>decebat.</span> <span class='ocrx_word' id='word_1_155' title='bbox 1453 1103 1526 1142; x_wconf 90' lang='lat' dir='ltr'>sed</span> <span class='ocrx_word' id='word_1_156' title='bbox 1562 1117 1613 1142; x_wconf 87' lang='lat' dir='ltr'>ex</span> <span class='ocrx_word' id='word_1_157' title='bbox 1651 1102 1852 1143; x_wconf 83' lang='lat' dir='ltr'>Isocratis</span> 
     </span>
     <span class='ocr_line' id='line_1_18' title="bbox 332 1158 1852 1213; baseline 0.001 -15"><span class='ocrx_word' id='word_1_158' title='bbox 332 1159 590 1213; x_wconf 68' lang='lat' dir='ltr'>Panegyrico</span> <span class='ocrx_word' id='word_1_159' title='bbox 625 1159 798 1212; x_wconf 86' lang='lat' dir='ltr'>aliisque</span> <span class='ocrx_word' id='word_1_160' title='bbox 833 1159 1093 1200; x_wconf 89' lang='lat' dir='ltr'>orationibus</span> <span class='ocrx_word' id='word_1_161' title='bbox 1134 1165 1321 1200; x_wconf 83' lang='lat' dir='ltr'>veterum</span> <span class='ocrx_word' id='word_1_162' title='bbox 1354 1173 1402 1198; x_wconf 81' lang='lat' dir='ltr'>ac</span> <span class='ocrx_word' id='word_1_163' title='bbox 1437 1158 1521 1198; x_wconf 77' lang='lat' dir='ltr'>veri</span> <span class='ocrx_word' id='word_1_164' title='bbox 1560 1159 1712 1213; x_wconf 73' lang='lat' dir='ltr'>Lysiae</span> <span class='ocrx_word' id='word_1_165' title='bbox 1751 1159 1852 1199; x_wconf 81' lang='lat' dir='ltr'>locis</span> 
     </span>
     <span class='ocr_line' id='line_1_19' title="bbox 330 1215 1853 1268; baseline -0.001 -13"><span class='ocrx_word' id='word_1_166' title='bbox 330 1216 475 1255; x_wconf 90' lang='lat' dir='ltr'>eodem</span> <span class='ocrx_word' id='word_1_167' title='bbox 508 1230 640 1268; x_wconf 88' lang='lat' dir='ltr'>paene</span> <span class='ocrx_word' id='word_1_168' title='bbox 672 1215 813 1264; x_wconf 86' lang='lat' dir='ltr'>modo,</span> <span class='ocrx_word' id='word_1_169' title='bbox 847 1230 928 1268; x_wconf 90' lang='lat' dir='ltr'>quo</span> <span class='ocrx_word' id='word_1_170' title='bbox 964 1215 1167 1255; x_wconf 81' lang='lat' dir='ltr'>Aristidis</span> <span class='ocrx_word' id='word_1_171' title='bbox 1203 1215 1452 1255; x_wconf 83' lang='lat' dir='ltr'>declamatio</span> <span class='ocrx_word' id='word_1_172' title='bbox 1488 1215 1581 1263; x_wconf 78' lang='lat' dir='ltr'>ista⁷</span> <span class='ocrx_word' id='word_1_173' title='bbox 1614 1230 1639 1255; x_wconf 88' lang='lat' dir='ltr'>a</span> <span class='ocrx_word' id='word_1_174' title='bbox 1671 1215 1853 1268; x_wconf 89' lang='lat' dir='ltr'>quodam</span> 
     </span>
     <span class='ocr_line' id='line_1_20' title="bbox 331 1271 1853 1325; baseline 0.001 -14"><span class='ocrx_word' id='word_1_175' title='bbox 331 1271 529 1325; x_wconf 84' lang='lat' dir='ltr'>Sophista</span> <span class='ocrx_word' id='word_1_176' title='bbox 551 1272 782 1325; x_wconf 81' lang='lat' dir='ltr'>composita</span> <span class='ocrx_word' id='word_1_177' title='bbox 803 1271 1022 1312; x_wconf 78' lang='lat' dir='ltr'>videbatur</span> <span class='ocrx_word' id='word_1_178' title='bbox 1050 1271 1150 1311; x_wconf 90' lang='lat' dir='ltr'>mihi</span> <span class='ocrx_word' id='word_1_179' title='bbox 1173 1271 1269 1311; x_wconf 91' lang='lat' dir='ltr'>olim</span> <span class='ocrx_word' id='word_1_180' title='bbox 1298 1271 1339 1310; x_wconf 92' lang='lat' dir='ltr'>in</span> <span class='ocrx_word' id='word_1_181' title='bbox 1363 1271 1548 1312; x_wconf 82' lang='lat' dir='ltr'>Censura</span> <span class='ocrx_word' id='word_1_182' title='bbox 1576 1271 1801 1311; x_wconf 83' lang='lat' dir='ltr'>Menexeni</span> <span class='ocrx_word' id='word_1_183' title='bbox 1827 1286 1853 1312; x_wconf 86' lang='lat' dir='ltr'>a</span> 
     </span>
     <span class='ocr_line' id='line_1_21' title="bbox 330 1327 1851 1381; baseline 0 -13"><span class='ocrx_word' id='word_1_184' title='bbox 330 1328 577 1368; x_wconf 78' lang='lat' dir='ltr'>Gottlebero</span> <span class='ocrx_word' id='word_1_185' title='bbox 600 1327 716 1376; x_wconf 77' lang='lat' dir='ltr'>editi,</span> <span class='ocrx_word' id='word_1_186' title='bbox 739 1342 845 1381; x_wconf 89' lang='lat' dir='ltr'>quae</span> <span class='ocrx_word' id='word_1_187' title='bbox 867 1328 1023 1368; x_wconf 86' lang='lat' dir='ltr'>inserta</span> <span class='ocrx_word' id='word_1_188' title='bbox 1049 1334 1113 1368; x_wconf 84' lang='lat' dir='ltr'>est</span> <span class='ocrx_word' id='word_1_189' title='bbox 1136 1328 1355 1381; x_wconf 88' lang='lat' dir='ltr'>Ephemm.</span> <span class='ocrx_word' id='word_1_190' title='bbox 1386 1327 1546 1368; x_wconf 86' lang='lat' dir='ltr'>Erfurt.</span> <span class='ocrx_word' id='word_1_191' title='bbox 1575 1327 1792 1368; x_wconf 84' lang='lat' dir='ltr'>litterariis</span> <span class='ocrx_word' id='word_1_192' title='bbox 1813 1342 1851 1368; x_wconf 85' lang='lat' dir='ltr'>a.</span> 
     </span>
     <span class='ocr_line' id='line_1_22' title="bbox 334 1383 1852 1438; baseline 0.001 -15"><span class='ocrx_word' id='word_1_193' title='bbox 334 1387 453 1436; x_wconf 76' lang='lat'>1782.</span> <span class='ocrx_word' id='word_1_194' title='bbox 477 1399 515 1437; x_wconf 93' lang='lat' dir='ltr'>p.</span> <span class='ocrx_word' id='word_1_195' title='bbox 538 1397 607 1437; x_wconf 80' lang='lat'>34.</span> <span class='ocrx_word' id='word_1_196' title='bbox 669 1384 797 1437; x_wconf 76' lang='lat' dir='ltr'>Cujus</span> <span class='ocrx_word' id='word_1_197' title='bbox 825 1383 1033 1438; x_wconf 88' lang='lat' dir='ltr'>opinionis</span> <span class='ocrx_word' id='word_1_198' title='bbox 1061 1385 1245 1424; x_wconf 81' lang='lat' dir='ltr'>nonduin</span> <span class='ocrx_word' id='word_1_199' title='bbox 1266 1398 1332 1423; x_wconf 88' lang='lat' dir='ltr'>me</span> <span class='ocrx_word' id='word_1_200' title='bbox 1357 1383 1561 1437; x_wconf 86' lang='lat' dir='ltr'>poenitet,</span> <span class='ocrx_word' id='word_1_201' title='bbox 1583 1398 1711 1437; x_wconf 88' lang='lat' dir='ltr'>quum</span> <span class='ocrx_word' id='word_1_202' title='bbox 1732 1398 1852 1437; x_wconf 85' lang='lat' dir='ltr'>prae-</span> 
     </span>
     <span class='ocr_line' id='line_1_23' title="bbox 329 1439 1850 1494; baseline 0 -15"><span class='ocrx_word' id='word_1_203' title='bbox 329 1440 475 1481; x_wconf 83' lang='lat' dir='ltr'>sertim</span> <span class='ocrx_word' id='word_1_204' title='bbox 503 1455 636 1494; x_wconf 88' lang='lat' dir='ltr'>nuper</span> <span class='ocrx_word' id='word_1_205' title='bbox 658 1440 985 1481; x_wconf 69' lang='lat' dir='ltr'>Valckenarium</span> <span class='ocrx_word' id='word_1_206' title='bbox 1012 1440 1183 1479; x_wconf 67' lang='lat' dir='ltr'>viderim</span> <span class='ocrx_word' id='word_1_207' title='bbox 1213 1440 1253 1479; x_wconf 93' lang='lat' dir='ltr'>in</span> <span class='ocrx_word' id='word_1_208' title='bbox 1282 1440 1456 1480; x_wconf 89' lang='lat' dir='ltr'>eandem</span> <span class='ocrx_word' id='word_1_209' title='bbox 1484 1440 1689 1480; x_wconf 87' lang='lat' dir='ltr'>incidisse.</span> <span class='ocrx_word' id='word_1_210' title='bbox 1753 1439 1850 1480; x_wconf 80' lang='lat' dir='ltr'>Vid.</span> 
     </span>
     <span class='ocr_line' id='line_1_24' title="bbox 330 1495 1852 1550; baseline 0 -15"><span class='ocrx_word' id='word_1_211' title='bbox 330 1496 625 1536; x_wconf 82' lang='lat' dir='ltr'>Hemsterhus.</span> <span class='ocrx_word' id='word_1_212' title='bbox 648 1501 689 1536; x_wconf 87' lang='lat' dir='ltr'>et</span> <span class='ocrx_word' id='word_1_213' title='bbox 709 1496 960 1536; x_wconf 73' lang='lat' dir='ltr'>Valckenar.</span> <span class='ocrx_word' id='word_1_214' title='bbox 985 1496 1207 1536; x_wconf 83' lang='lat' dir='ltr'>Orationes</span> <span class='ocrx_word' id='word_1_215' title='bbox 1229 1502 1306 1536; x_wconf 90' lang='lat' dir='ltr'>etc.</span> <span class='ocrx_word' id='word_1_216' title='bbox 1331 1511 1370 1550; x_wconf 89' lang='lat' dir='ltr'>p.</span> <span class='ocrx_word' id='word_1_217' title='bbox 1393 1496 1484 1536; x_wconf 82' lang='lat'>218.</span> <span class='ocrx_word' id='word_1_218' title='bbox 1518 1496 1566 1536; x_wconf 90' lang='lat' dir='ltr'>F.</span> <span class='ocrx_word' id='word_1_219' title='bbox 1587 1496 1639 1536; x_wconf 88' lang='lat' dir='ltr'>A.</span> <span class='ocrx_word' id='word_1_220' title='bbox 1658 1495 1852 1536; x_wconf 86' lang='lat' dir='ltr'>WOLF.</span> 
     </span>
    </p>

    <p class='ocr_par' dir='ltr' id='par_1_3' title="bbox 328 1552 1854 1718">
     <span class='ocr_line' id='line_1_25' title="bbox 385 1552 1854 1606; baseline 0.001 -16"><span class='ocrx_word' id='word_1_221' title='bbox 385 1565 484 1605; x_wconf 81' lang='lat'>500,</span> <span class='ocrx_word' id='word_1_222' title='bbox 521 1566 554 1591; x_wconf 87' lang='lat'>1.</span> <span class='ocrx_word' id='word_1_223' title='bbox 595 1553 794 1605; x_wconf 81' lang='grc' dir='ltr'>κοσμεῖτε]</span> <span class='ocrx_word' id='word_1_224' title='bbox 840 1553 947 1603; x_wconf 74' lang='lat' dir='ltr'>Quia</span> <span class='ocrx_word' id='word_1_225' title='bbox 984 1558 1128 1593; x_wconf 80' lang='lat' dir='ltr'>orator</span> <span class='ocrx_word' id='word_1_226' title='bbox 1168 1552 1333 1592; x_wconf 89' lang='lat' dir='ltr'>nomine</span> <span class='ocrx_word' id='word_1_227' title='bbox 1369 1558 1412 1592; x_wconf 86' lang='lat' dir='ltr'>et</span> <span class='ocrx_word' id='word_1_228' title='bbox 1448 1553 1567 1605; x_wconf 84' lang='lat' dir='ltr'>jussu</span> <span class='ocrx_word' id='word_1_229' title='bbox 1608 1552 1748 1606; x_wconf 88' lang='lat' dir='ltr'>populi</span> <span class='ocrx_word' id='word_1_230' title='bbox 1786 1553 1854 1592; x_wconf 90' lang='lat' dir='ltr'>de-</span> 
     </span>
     <span class='ocr_line' id='line_1_26' title="bbox 328 1608 1854 1662; baseline 0.001 -15"><span class='ocrx_word' id='word_1_231' title='bbox 328 1608 493 1647; x_wconf 79' lang='lat' dir='ltr'>functos</span> <span class='ocrx_word' id='word_1_232' title='bbox 525 1622 600 1661; x_wconf 91' lang='lat' dir='ltr'>pro</span> <span class='ocrx_word' id='word_1_233' title='bbox 633 1608 772 1661; x_wconf 87' lang='lat' dir='ltr'>patria</span> <span class='ocrx_word' id='word_1_234' title='bbox 806 1609 997 1648; x_wconf 88' lang='lat' dir='ltr'>oratione</span> <span class='ocrx_word' id='word_1_235' title='bbox 1030 1609 1222 1648; x_wconf 85' lang='lat' dir='ltr'>ornabat.</span> <span class='ocrx_word' id='word_1_236' title='bbox 1256 1608 1348 1648; x_wconf 91' lang='lat' dir='ltr'>ideo</span> <span class='ocrx_word' id='word_1_237' title='bbox 1380 1608 1532 1648; x_wconf 91' lang='lat' dir='ltr'>dicitur</span> <span class='ocrx_word' id='word_1_238' title='bbox 1559 1609 1600 1648; x_wconf 93' lang='lat' dir='ltr'>h.</span> <span class='ocrx_word' id='word_1_239' title='bbox 1623 1608 1648 1647; x_wconf 95' lang='lat' dir='ltr'>l.</span> <span class='ocrx_word' id='word_1_240' title='bbox 1676 1608 1854 1662; x_wconf 90' lang='lat' dir='ltr'>populus</span> 
     </span>
     <span class='ocr_line' id='line_1_27' title="bbox 328 1664 921 1718; baseline 0.002 -15"><span class='ocrx_word' id='word_1_241' title='bbox 328 1664 417 1718; x_wconf 87' lang='lat' dir='ltr'>ipse</span> <span class='ocrx_word' id='word_1_242' title='bbox 440 1678 509 1704; x_wconf 88' lang='lat' dir='ltr'>eos</span> <span class='ocrx_word' id='word_1_243' title='bbox 532 1678 693 1704; x_wconf 89' lang='lat' dir='ltr'>ornare.</span> <span class='ocrx_word' id='word_1_244' title='bbox 727 1664 921 1704; x_wconf 80' lang='lat' dir='ltr'>REISK.</span> 
     </span>
    </p>

    <p class='ocr_par' dir='ltr' id='par_1_4' title="bbox 328 1720 1855 2165">
     <span class='ocr_line' id='line_1_28' title="bbox 385 1720 1855 1776; baseline 0.001 -16"><span class='ocrx_word' id='word_1_245' title='bbox 385 1733 481 1772; x_wconf 80' lang='grc'>500,</span> <span class='ocrx_word' id='word_1_246' title='bbox 516 1722 553 1760; x_wconf 90' lang='lat'>6.</span> <span class='ocrx_word' id='word_1_247' title='bbox 591 1721 678 1762; x_wconf 84' lang='grc' dir='ltr'>τοὺς</span> <span class='ocrx_word' id='word_1_248' title='bbox 712 1722 971 1776; x_wconf 73' lang='grc' dir='ltr'>στεφανίτας]</span> <span class='ocrx_word' id='word_1_249' title='bbox 1009 1721 1168 1774; x_wconf 84' lang='lat' dir='ltr'>Nempe</span> <span class='ocrx_word' id='word_1_250' title='bbox 1204 1720 1379 1774; x_wconf 88' lang='lat' dir='ltr'>duplicis</span> <span class='ocrx_word' id='word_1_251' title='bbox 1412 1720 1574 1774; x_wconf 76' lang='lat' dir='ltr'>generis</span> <span class='ocrx_word' id='word_1_252' title='bbox 1613 1722 1783 1761; x_wconf 80' lang='lat' dir='ltr'>fuerunt</span> <span class='ocrx_word' id='word_1_253' title='bbox 1818 1723 1855 1761; x_wconf 84' lang='grc' dir='ltr'>οἱ</span> 
     </span>
     <span class='ocr_line' id='line_1_29' title="bbox 329 1776 1854 1831; baseline 0.001 -15"><span class='ocrx_word' id='word_1_254' title='bbox 329 1778 491 1827; x_wconf 72' lang='grc' dir='ltr'>ἀγῶνες,</span> <span class='ocrx_word' id='word_1_255' title='bbox 518 1776 587 1816; x_wconf 79' lang='lat' dir='ltr'>alii</span> <span class='ocrx_word' id='word_1_256' title='bbox 619 1781 864 1827; x_wconf 73' lang='grc' dir='ltr'>στεφανῖται,</span> <span class='ocrx_word' id='word_1_257' title='bbox 890 1777 959 1817; x_wconf 82' lang='lat' dir='ltr'>alii</span> <span class='ocrx_word' id='word_1_258' title='bbox 989 1778 1198 1827; x_wconf 83' lang='grc' dir='ltr'>θεματικοί.</span> <span class='ocrx_word' id='word_1_259' title='bbox 1261 1777 1377 1817; x_wconf 80' lang='lat' dir='ltr'>Conf.</span> <span class='ocrx_word' id='word_1_260' title='bbox 1402 1776 1652 1831; x_wconf 50' lang='lat' dir='ltr'>lVesseling.</span> <span class='ocrx_word' id='word_1_261' title='bbox 1675 1777 1729 1817; x_wconf 84' lang='lat' dir='ltr'>ad</span> <span class='ocrx_word' id='word_1_262' title='bbox 1756 1777 1854 1817; x_wconf 87' lang='lat' dir='ltr'>Dio-</span> 
     </span>
     <span class='ocr_line' id='line_1_30' title="bbox 329 1832 1855 1887; baseline 0.001 -16"><span class='ocrx_word' id='word_1_263' title='bbox 329 1832 417 1872; x_wconf 91' lang='lat' dir='ltr'>dor.</span> <span class='ocrx_word' id='word_1_264' title='bbox 443 1832 519 1872; x_wconf 80' lang='lat' dir='ltr'>vol.</span> <span class='ocrx_word' id='word_1_265' title='bbox 551 1846 579 1871; x_wconf 92' lang='lat'>1.</span> <span class='ocrx_word' id='word_1_266' title='bbox 605 1847 644 1885; x_wconf 91' lang='lat' dir='ltr'>p.</span> <span class='ocrx_word' id='word_1_267' title='bbox 671 1835 763 1872; x_wconf 86' lang='lat'>260.</span> <span class='ocrx_word' id='word_1_268' title='bbox 826 1833 909 1873; x_wconf 85' lang='lat' dir='ltr'>Sed</span> <span class='ocrx_word' id='word_1_269' title='bbox 937 1834 1047 1887; x_wconf 90' lang='lat' dir='ltr'>apud</span> <span class='ocrx_word' id='word_1_270' title='bbox 1079 1833 1278 1879; x_wconf 69' lang='lat' dir='ltr'>Graecos.</span> <span class='ocrx_word' id='word_1_271' title='bbox 1308 1833 1459 1873; x_wconf 61' lang='lat' dir='ltr'>mallius</span> <span class='ocrx_word' id='word_1_272' title='bbox 1490 1833 1547 1872; x_wconf 74' lang='lat' dir='ltr'>rei</span> <span class='ocrx_word' id='word_1_273' title='bbox 1574 1839 1738 1887; x_wconf 69' lang='lat' dir='ltr'>praeter</span> <span class='ocrx_word' id='word_1_274' title='bbox 1768 1833 1855 1874; x_wconf 79' lang='lat' dir='ltr'>Zau-</span> 
     </span>
     <span class='ocr_line' id='line_1_31' title="bbox 329 1888 1853 1943; baseline 0.002 -16"><span class='ocrx_word' id='word_1_275' title='bbox 329 1888 416 1928; x_wconf 75' lang='lat' dir='ltr'>dem</span> <span class='ocrx_word' id='word_1_276' title='bbox 449 1902 604 1936; x_wconf 67' lang='lat' dir='ltr'>avaros.</span> <span class='ocrx_word' id='word_1_277' title='bbox 639 1888 824 1942; x_wconf 89' lang='lat' dir='ltr'>priorum</span> <span class='ocrx_word' id='word_1_278' title='bbox 856 1889 1131 1930; x_wconf 89' lang='lat' dir='ltr'>certaminum</span> <span class='ocrx_word' id='word_1_279' title='bbox 1163 1889 1346 1943; x_wconf 79' lang='lat' dir='ltr'>dignitas</span> <span class='ocrx_word' id='word_1_280' title='bbox 1377 1889 1522 1929; x_wconf 84' lang='lat' dir='ltr'>habita</span> <span class='ocrx_word' id='word_1_281' title='bbox 1553 1889 1674 1943; x_wconf 83' lang='lat' dir='ltr'>longe</span> <span class='ocrx_word' id='word_1_282' title='bbox 1704 1890 1853 1943; x_wconf 88' lang='lat' dir='ltr'>major.</span> 
     </span>
     <span class='ocr_line' id='line_1_32' title="bbox 330 1943 1855 1986; baseline 0.001 -2"><span class='ocrx_word' id='word_1_283' title='bbox 330 1943 527 1984; x_wconf 80' lang='lat' dir='ltr'>Ceterum</span> <span class='ocrx_word' id='word_1_284' title='bbox 556 1944 763 1984; x_wconf 87' lang='lat' dir='ltr'>notissimi</span> <span class='ocrx_word' id='word_1_285' title='bbox 786 1951 884 1985; x_wconf 86' lang='lat' dir='ltr'>sunt</span> <span class='ocrx_word' id='word_1_286' title='bbox 913 1946 1091 1985; x_wconf 88' lang='lat' dir='ltr'>honores</span> <span class='ocrx_word' id='word_1_287' title='bbox 1112 1945 1343 1985; x_wconf 87' lang='lat' dir='ltr'>victoribus</span> <span class='ocrx_word' id='word_1_288' title='bbox 1371 1945 1563 1985; x_wconf 89' lang='lat' dir='ltr'>ludorum</span> <span class='ocrx_word' id='word_1_289' title='bbox 1592 1959 1808 1985; x_wconf 83' lang='lat' dir='ltr'>sacrorum</span> <span class='ocrx_word' id='word_1_290' title='bbox 1829 1960 1855 1986; x_wconf 81' lang='lat' dir='ltr'>a</span> 
     </span>
     <span class='ocr_line' id='line_1_33' title="bbox 330 2000 1854 2056; baseline 0.001 -17"><span class='ocrx_word' id='word_1_291' title='bbox 330 2000 571 2040; x_wconf 77' lang='lat' dir='ltr'>civitatibus</span> <span class='ocrx_word' id='word_1_292' title='bbox 593 2000 675 2040; x_wconf 86' lang='lat' dir='ltr'>suis</span> <span class='ocrx_word' id='word_1_293' title='bbox 698 2001 867 2048; x_wconf 62' lang='lat' dir='ltr'>decreti.</span> <span class='ocrx_word' id='word_1_294' title='bbox 892 2016 1017 2055; x_wconf 90' lang='lat' dir='ltr'>saepe</span> <span class='ocrx_word' id='word_1_295' title='bbox 1043 2001 1286 2055; x_wconf 87' lang='lat' dir='ltr'>amplissimi</span> <span class='ocrx_word' id='word_1_296' title='bbox 1309 2016 1356 2041; x_wconf 89' lang='lat' dir='ltr'>ac</span> <span class='ocrx_word' id='word_1_297' title='bbox 1378 2016 1508 2055; x_wconf 89' lang='lat' dir='ltr'>prope</span> <span class='ocrx_word' id='word_1_298' title='bbox 1535 2001 1674 2049; x_wconf 81' lang='lat' dir='ltr'>divini,</span> <span class='ocrx_word' id='word_1_299' title='bbox 1697 2002 1854 2056; x_wconf 85' lang='lat' dir='ltr'>praeci-</span> 
     </span>
     <span class='ocr_line' id='line_1_34' title="bbox 328 2056 1851 2110; baseline 0.002 -15"><span class='ocrx_word' id='word_1_300' title='bbox 328 2070 408 2109; x_wconf 86' lang='lat' dir='ltr'>pue</span> <span class='ocrx_word' id='word_1_301' title='bbox 442 2056 554 2109; x_wconf 88' lang='lat' dir='ltr'>apud</span> <span class='ocrx_word' id='word_1_302' title='bbox 587 2056 880 2105; x_wconf 69' lang='lat' dir='ltr'>Athenienses,</span> <span class='ocrx_word' id='word_1_303' title='bbox 915 2058 966 2097; x_wconf 90' lang='lat' dir='ltr'>de</span> <span class='ocrx_word' id='word_1_304' title='bbox 998 2057 1147 2110; x_wconf 86' lang='lat' dir='ltr'>quibus</span> <span class='ocrx_word' id='word_1_305' title='bbox 1181 2057 1272 2097; x_wconf 75' lang='lat' dir='ltr'>vide</span> <span class='ocrx_word' id='word_1_306' title='bbox 1308 2057 1408 2097; x_wconf 90' lang='lat' dir='ltr'>locc.</span> <span class='ocrx_word' id='word_1_307' title='bbox 1440 2072 1500 2098; x_wconf 85' lang='lat' dir='ltr'>cc.</span> <span class='ocrx_word' id='word_1_308' title='bbox 1532 2058 1574 2097; x_wconf 90' lang='lat' dir='ltr'>in</span> <span class='ocrx_word' id='word_1_309' title='bbox 1604 2057 1735 2098; x_wconf 77' lang='lat' dir='ltr'>Petiti</span> <span class='ocrx_word' id='word_1_310' title='bbox 1765 2058 1851 2098; x_wconf 89' lang='lat' dir='ltr'>LL.</span> 
     </span>
     <span class='ocr_line' id='line_1_35' title="bbox 332 2112 984 2165; baseline 0.003 -15"><span class='ocrx_word' id='word_1_311' title='bbox 332 2112 427 2151; x_wconf 70' lang='grc' dir='ltr'>ΑΛ.</span> <span class='ocrx_word' id='word_1_312' title='bbox 450 2127 489 2164; x_wconf 93' lang='lat' dir='ltr'>p.</span> <span class='ocrx_word' id='word_1_313' title='bbox 516 2125 602 2165; x_wconf 80' lang='lat'>¹31·</span> <span class='ocrx_word' id='word_1_314' title='bbox 640 2113 688 2152; x_wconf 89' lang='lat' dir='ltr'>F.</span> <span class='ocrx_word' id='word_1_315' title='bbox 713 2114 766 2152; x_wconf 79' lang='lat' dir='ltr'>A.</span> <span class='ocrx_word' id='word_1_316' title='bbox 792 2113 984 2153; x_wconf 81' lang='lat' dir='ltr'>WOLF.</span> 
     </span>
    </p>

    <p class='ocr_par' dir='ltr' id='par_1_5' title="bbox 385 2168 1854 2222">
     <span class='ocr_line' id='line_1_36' title="bbox 385 2168 1854 2222; baseline 0.002 -15"><span class='ocrx_word' id='word_1_317' title='bbox 385 2181 482 2219; x_wconf 79' lang='grc'>500,</span> <span class='ocrx_word' id='word_1_318' title='bbox 508 2181 544 2218; x_wconf 90' lang='lat'>7.</span> <span class='ocrx_word' id='word_1_319' title='bbox 568 2169 732 2220; x_wconf 74' lang='grc' dir='ltr'>τούτων]</span> <span class='ocrx_word' id='word_1_320' title='bbox 760 2168 909 2208; x_wconf 91' lang='lat' dir='ltr'>Denuo</span> <span class='ocrx_word' id='word_1_321' title='bbox 932 2169 1200 2222; x_wconf 76' lang='lat' dir='ltr'>cogitandum</span> <span class='ocrx_word' id='word_1_322' title='bbox 1222 2174 1297 2209; x_wconf 74' lang='grc' dir='ltr'>τῶν</span> <span class='ocrx_word' id='word_1_323' title='bbox 1320 2173 1484 2220; x_wconf 74' lang='grc' dir='ltr'>δωρεῶν.</span> <span class='ocrx_word' id='word_1_324' title='bbox 1511 2169 1559 2209; x_wconf 87' lang='lat' dir='ltr'>F.</span> <span class='ocrx_word' id='word_1_325' title='bbox 1583 2170 1636 2209; x_wconf 79' lang='lat' dir='ltr'>A.</span> <span class='ocrx_word' id='word_1_326' title='bbox 1661 2170 1854 2210; x_wconf 83' lang='lat' dir='ltr'>WOLF.</span> 
     </span>
    </p>

    <p class='ocr_par' dir='ltr' id='par_1_6' title="bbox 331 2224 1854 2320">
     <span class='ocr_line' id='line_1_37' title="bbox 384 2224 1854 2279; baseline 0.003 -17"><span class='ocrx_word' id='word_1_327' title='bbox 384 2236 481 2276; x_wconf 85' lang='lat'>500.</span> <span class='ocrx_word' id='word_1_328' title='bbox 506 2238 543 2276; x_wconf 82' lang='lat'>9.</span> <span class='ocrx_word' id='word_1_329' title='bbox 568 2224 608 2263; x_wconf 73' lang='grc' dir='ltr'>εὖ</span> <span class='ocrx_word' id='word_1_330' title='bbox 630 2228 751 2263; x_wconf 74' lang='grc' dir='ltr'>ποιῶν</span> <span class='ocrx_word' id='word_1_331' title='bbox 773 2227 880 2264; x_wconf 82' lang='grc' dir='ltr'>δοκεῖ</span> <span class='ocrx_word' id='word_1_332' title='bbox 901 2224 1072 2278; x_wconf 73' lang='grc' dir='ltr'>νικῆσαι]</span> <span class='ocrx_word' id='word_1_333' title='bbox 1096 2225 1149 2264; x_wconf 76' lang='lat' dir='ltr'>V.</span> <span class='ocrx_word' id='word_1_334' title='bbox 1171 2225 1410 2279; x_wconf 88' lang='lat' dir='ltr'>Lennepius</span> <span class='ocrx_word' id='word_1_335' title='bbox 1432 2226 1486 2265; x_wconf 89' lang='lat' dir='ltr'>ad</span> <span class='ocrx_word' id='word_1_336' title='bbox 1510 2225 1677 2266; x_wconf 89' lang='lat' dir='ltr'>Phalar.</span> <span class='ocrx_word' id='word_1_337' title='bbox 1699 2241 1739 2279; x_wconf 90' lang='lat' dir='ltr'>p.</span> <span class='ocrx_word' id='word_1_338' title='bbox 1762 2240 1854 2279; x_wconf 86' lang='lat'>194.</span> 
     </span>
     <span class='ocr_line' id='line_1_38' title="bbox 331 2280 664 2320; baseline -0.006 0"><span class='ocrx_word' id='word_1_339' title='bbox 331 2295 369 2320; x_wconf 87' lang='lat' dir='ltr'>a.</span> <span class='ocrx_word' id='word_1_340' title='bbox 407 2280 664 2319; x_wconf 82' lang='lat' dir='ltr'>SCHAEF.</span> 
     </span>
    </p>

    <p class='ocr_par' dir='ltr' id='par_1_7' title="bbox 328 2336 1857 2820">
     <span class='ocr_line' id='line_1_39' title="bbox 386 2336 1855 2391; baseline 0.001 -16"><span class='ocrx_word' id='word_1_341' title='bbox 386 2347 483 2389; x_wconf 72' lang='lat'>500.</span> <span class='ocrx_word' id='word_1_342' title='bbox 513 2349 575 2374; x_wconf 84' lang='lat'>10.</span> <span class='ocrx_word' id='word_1_343' title='bbox 599 2336 1115 2390; x_wconf 76' lang='grc' dir='ltr'>τοσαύτας-παρέσχηται]</span> <span class='ocrx_word' id='word_1_344' title='bbox 1143 2337 1311 2377; x_wconf 78' lang='lat' dir='ltr'>Scilicet</span> <span class='ocrx_word' id='word_1_345' title='bbox 1339 2338 1361 2387; x_wconf 84' lang='grc' dir='ltr'>ἡ</span> <span class='ocrx_word' id='word_1_346' title='bbox 1390 2339 1515 2378; x_wconf 80' lang='grc' dir='ltr'>πόλις.</span> <span class='ocrx_word' id='word_1_347' title='bbox 1576 2337 1720 2391; x_wconf 84' lang='lat' dir='ltr'>Atque</span> <span class='ocrx_word' id='word_1_348' title='bbox 1741 2339 1855 2390; x_wconf 80' lang='grc' dir='ltr'>ὑπερ-</span> 
     </span>
     <span class='ocr_line' id='line_1_40' title="bbox 329 2392 1855 2445; baseline 0.003 -15"><span class='ocrx_word' id='word_1_349' title='bbox 329 2392 451 2440; x_wconf 79' lang='grc' dir='ltr'>βολαὶ</span> <span class='ocrx_word' id='word_1_350' title='bbox 479 2395 555 2430; x_wconf 72' lang='grc' dir='ltr'>τῶν</span> <span class='ocrx_word' id='word_1_351' title='bbox 577 2393 729 2441; x_wconf 81' lang='grc' dir='ltr'>δωρεῶν</span> <span class='ocrx_word' id='word_1_352' title='bbox 751 2396 849 2431; x_wconf 77' lang='lat' dir='ltr'>sunt</span> <span class='ocrx_word' id='word_1_353' title='bbox 878 2394 1017 2443; x_wconf 79' lang='grc' dir='ltr'>δωρεαὶ</span> <span class='ocrx_word' id='word_1_354' title='bbox 1044 2393 1372 2444; x_wconf 74' lang='grc' dir='ltr'>ὑπερβάλλουσαι</span> <span class='ocrx_word' id='word_1_355' title='bbox 1400 2395 1467 2434; x_wconf 76' lang='grc' dir='ltr'>τὰς</span> <span class='ocrx_word' id='word_1_356' title='bbox 1496 2395 1573 2431; x_wconf 77' lang='grc' dir='ltr'>τῶν</span> <span class='ocrx_word' id='word_1_357' title='bbox 1594 2394 1729 2433; x_wconf 76' lang='grc' dir='ltr'>ἄλλων</span> <span class='ocrx_word' id='word_1_358' title='bbox 1752 2395 1855 2445; x_wconf 85' lang='grc' dir='ltr'>εὐερ-</span> 
     </span>
     <span class='ocr_line' id='line_1_41' title="bbox 329 2447 1854 2502; baseline 0.002 -16"><span class='ocrx_word' id='word_1_359' title='bbox 329 2448 477 2497; x_wconf 82' lang='grc' dir='ltr'>γεσίας,</span> <span class='ocrx_word' id='word_1_360' title='bbox 515 2447 619 2486; x_wconf 72' lang='lat' dir='ltr'>(lona</span> <span class='ocrx_word' id='word_1_361' title='bbox 650 2453 685 2486; x_wconf 73' lang='lat' dir='ltr'>et</span> <span class='ocrx_word' id='word_1_362' title='bbox 711 2448 904 2498; x_wconf 72' lang='lat' dir='ltr'>praemia</span> <span class='ocrx_word' id='word_1_363' title='bbox 940 2449 1109 2501; x_wconf 56' lang='lat' dir='ltr'>aecqplz&#39;s</span> <span class='ocrx_word' id='word_1_364' title='bbox 1145 2448 1336 2500; x_wconf 66' lang='lat' dir='ltr'>bemjrfez&#39;is</span> <span class='ocrx_word' id='word_1_365' title='bbox 1372 2448 1478 2502; x_wconf 68' lang='lat' dir='ltr'>lonye</span> <span class='ocrx_word' id='word_1_366' title='bbox 1512 2449 1683 2502; x_wconf 70' lang='lat' dir='ltr'>majora.</span> <span class='ocrx_word' id='word_1_367' title='bbox 1723 2451 1772 2489; x_wconf 91' lang='lat' dir='ltr'>F.</span> <span class='ocrx_word' id='word_1_368' title='bbox 1800 2450 1854 2489; x_wconf 92' lang='lat' dir='ltr'>A.</span> 
     </span>
     <span class='ocr_line' id='line_1_42' title="bbox 330 2502 1857 2557; baseline 0.002 -16"><span class='ocrx_word' id='word_1_369' title='bbox 330 2503 385 2540; x_wconf 83' lang='lat' dir='ltr'>W</span> <span class='ocrx_word' id='word_1_370' title='bbox 395 2502 508 2542; x_wconf 87' lang='lat' dir='ltr'>OLF</span> <span class='ocrx_word' id='word_1_371' title='bbox 515 2534 522 2541; x_wconf 92' lang='lat'>.</span> <span class='ocrx_word' id='word_1_372' title='bbox 591 2502 685 2541; x_wconf 90' lang='lat' dir='ltr'>Non</span> <span class='ocrx_word' id='word_1_373' title='bbox 721 2503 892 2556; x_wconf 71' lang='lat' dir='ltr'>acceptis</span> <span class='ocrx_word' id='word_1_374' title='bbox 929 2502 1132 2556; x_wconf 64' lang='lat' dir='ltr'>bmnficiis,</span> <span class='ocrx_word' id='word_1_375' title='bbox 1173 2505 1244 2544; x_wconf 89' lang='lat' dir='ltr'>sed</span> <span class='ocrx_word' id='word_1_376' title='bbox 1281 2505 1396 2544; x_wconf 72' lang='lat' dir='ltr'>donis</span> <span class='ocrx_word' id='word_1_377' title='bbox 1431 2518 1529 2557; x_wconf 72' lang='lat' dir='ltr'>quae</span> <span class='ocrx_word' id='word_1_378' title='bbox 1563 2504 1663 2545; x_wconf 73' lang='lat' dir='ltr'>alibi</span> <span class='ocrx_word' id='word_1_379' title='bbox 1704 2506 1857 2545; x_wconf 69' lang='lat' dir='ltr'>[lantm-</span> 
     </span>
     <span class='ocr_line' id='line_1_43' title="bbox 329 2557 1855 2614; baseline 0.002 -17"><span class='ocrx_word' id='word_1_380' title='bbox 329 2557 478 2597; x_wconf 67' lang='lat' dir='ltr'>cicibns</span> <span class='ocrx_word' id='word_1_381' title='bbox 500 2557 589 2598; x_wconf 66' lang='lat' dir='ltr'>besee</span> <span class='ocrx_word' id='word_1_382' title='bbox 614 2558 777 2598; x_wconf 72' lang='lat' dir='ltr'>meritis.</span> <span class='ocrx_word' id='word_1_383' title='bbox 841 2558 918 2598; x_wconf 80' lang='lat' dir='ltr'>Est</span> <span class='ocrx_word' id='word_1_384' title='bbox 942 2560 1171 2613; x_wconf 85' lang='lat' dir='ltr'>superlatio</span> <span class='ocrx_word' id='word_1_385' title='bbox 1193 2561 1253 2599; x_wconf 86' lang='lat' dir='ltr'>rei</span> <span class='ocrx_word' id='word_1_386' title='bbox 1276 2560 1516 2614; x_wconf 77' lang='lat' dir='ltr'>significans</span> <span class='ocrx_word' id='word_1_387' title='bbox 1539 2575 1745 2600; x_wconf 88' lang='lat' dir='ltr'>summum</span> <span class='ocrx_word' id='word_1_388' title='bbox 1767 2561 1855 2614; x_wconf 89' lang='lat' dir='ltr'>ejus</span> 
     </span>
     <span class='ocr_line' id='line_1_44' title="bbox 330 2614 1855 2671; baseline 0.003 -19"><span class='ocrx_word' id='word_1_389' title='bbox 330 2614 509 2667; x_wconf 80' lang='lat' dir='ltr'>gradum</span> <span class='ocrx_word' id='word_1_390' title='bbox 539 2627 614 2666; x_wconf 88' lang='lat' dir='ltr'>per</span> <span class='ocrx_word' id='word_1_391' title='bbox 645 2628 687 2653; x_wconf 80' lang='lat' dir='ltr'>se</span> <span class='ocrx_word' id='word_1_392' title='bbox 720 2619 949 2667; x_wconf 69' lang='lat' dir='ltr'>spectatae.</span> <span class='ocrx_word' id='word_1_393' title='bbox 984 2630 1065 2655; x_wconf 89' lang='lat' dir='ltr'>non</span> <span class='ocrx_word' id='word_1_394' title='bbox 1099 2621 1368 2669; x_wconf 89' lang='lat' dir='ltr'>comparatae</span> <span class='ocrx_word' id='word_1_395' title='bbox 1400 2630 1493 2655; x_wconf 87' lang='lat' dir='ltr'>cum</span> <span class='ocrx_word' id='word_1_396' title='bbox 1525 2631 1570 2656; x_wconf 86' lang='lat' dir='ltr'>re</span> <span class='ocrx_word' id='word_1_397' title='bbox 1600 2617 1763 2671; x_wconf 80' lang='lat' dir='ltr'>generis</span> <span class='ocrx_word' id='word_1_398' title='bbox 1795 2617 1855 2656; x_wconf 89' lang='lat' dir='ltr'>di—</span> 
     </span>
     <span class='ocr_line' id='line_1_45' title="bbox 330 2669 1855 2713; baseline 0.004 -6"><span class='ocrx_word' id='word_1_399' title='bbox 330 2669 448 2709; x_wconf 70' lang='lat' dir='ltr'>versi.</span> <span class='ocrx_word' id='word_1_400' title='bbox 512 2670 692 2709; x_wconf 86' lang='lat' dir='ltr'>Sensus:</span> <span class='ocrx_word' id='word_1_401' title='bbox 732 2670 828 2708; x_wconf 65' lang='lat' dir='ltr'>sedeo</span> <span class='ocrx_word' id='word_1_402' title='bbox 860 2670 1001 2710; x_wconf 66' lang='lat' dir='ltr'>civitas</span> <span class='ocrx_word' id='word_1_403' title='bbox 1034 2672 1073 2710; x_wconf 72' lang='lat' dir='ltr'>in</span> <span class='ocrx_word' id='word_1_404' title='bbox 1106 2671 1220 2711; x_wconf 72' lang='lat' dir='ltr'>donis</span> <span class='ocrx_word' id='word_1_405' title='bbox 1252 2672 1400 2711; x_wconf 68' lang='lat' dir='ltr'>dandis</span> <span class='ocrx_word' id='word_1_406' title='bbox 1430 2685 1578 2712; x_wconf 74' lang='lat' dir='ltr'>omnem</span> <span class='ocrx_word' id='word_1_407' title='bbox 1610 2672 1765 2712; x_wconf 72' lang='lat' dir='ltr'>modum</span> <span class='ocrx_word' id='word_1_408' title='bbox 1792 2687 1855 2713; x_wconf 67' lang='lat' dir='ltr'>ex—</span> 
     </span>
     <span class='ocr_line' id='line_1_46' title="bbox 328 2725 1855 2780; baseline 0.005 -17"><span class='ocrx_word' id='word_1_409' title='bbox 328 2725 450 2764; x_wconf 68' lang='lat' dir='ltr'>cessit.</span> <span class='ocrx_word' id='word_1_410' title='bbox 478 2726 733 2764; x_wconf 79' lang='lat' dir='ltr'>SCHAEF.</span> <span class='ocrx_word' id='word_1_411' title='bbox 797 2725 864 2764; x_wconf 80' lang='lat' dir='ltr'>Sic</span> <span class='ocrx_word' id='word_1_412' title='bbox 886 2741 926 2779; x_wconf 92' lang='lat' dir='ltr'>p.</span> <span class='ocrx_word' id='word_1_413' title='bbox 953 2727 1047 2765; x_wconf 84' lang='lat'>686.</span> <span class='ocrx_word' id='word_1_414' title='bbox 1074 2739 1137 2780; x_wconf 83' lang='lat'>25.</span> <span class='ocrx_word' id='word_1_415' title='bbox 1167 2731 1243 2766; x_wconf 77' lang='grc' dir='ltr'>τῶν</span> <span class='ocrx_word' id='word_1_416' title='bbox 1272 2731 1391 2777; x_wconf 73' lang='grc' dir='ltr'>τιμῶν</span> <span class='ocrx_word' id='word_1_417' title='bbox 1419 2731 1502 2767; x_wconf 82' lang='grc' dir='ltr'>ταῖς</span> <span class='ocrx_word' id='word_1_418' title='bbox 1526 2729 1766 2778; x_wconf 82' lang='grc' dir='ltr'>ὑπερβολαῖς</span> <span class='ocrx_word' id='word_1_419' title='bbox 1796 2729 1855 2770; x_wconf 79' lang='grc' dir='ltr'>αἶς</span> 
     </span>
     <span class='ocr_line' id='line_1_47' title="bbox 331 2782 532 2820; baseline 0 -1"><span class='ocrx_word' id='word_1_420' title='bbox 331 2782 532 2820; x_wconf 81' lang='grc' dir='ltr'>δεδώκατε.</span> 
     </span>
    </p>

    <p class='ocr_par' dir='ltr' id='par_1_8' title="bbox 329 2835 1853 3001">
     <span class='ocr_line' id='line_1_48' title="bbox 386 2835 1853 2889; baseline 0.003 -15"><span class='ocrx_word' id='word_1_421' title='bbox 386 2849 481 2888; x_wconf 69' lang='grc'>500,</span> <span class='ocrx_word' id='word_1_422' title='bbox 512 2849 572 2885; x_wconf 85' lang='lat'>17.</span> <span class='ocrx_word' id='word_1_423' title='bbox 598 2835 678 2889; x_wconf 77' lang='grc' dir='ltr'>ἀεὶ]</span> <span class='ocrx_word' id='word_1_424' title='bbox 704 2836 842 2876; x_wconf 78' lang='lat' dir='ltr'>Abest</span> <span class='ocrx_word' id='word_1_425' title='bbox 864 2852 889 2877; x_wconf 89' lang='lat' dir='ltr'>a</span> <span class='ocrx_word' id='word_1_426' title='bbox 914 2837 1130 2877; x_wconf 81' lang='lat' dir='ltr'>Bavarico.</span> <span class='ocrx_word' id='word_1_427' title='bbox 1155 2837 1347 2878; x_wconf 84' lang='lat' dir='ltr'>REISK.</span> <span class='ocrx_word' id='word_1_428' title='bbox 1396 2838 1510 2878; x_wconf 85' lang='lat' dir='ltr'>Male</span> <span class='ocrx_word' id='word_1_429' title='bbox 1530 2839 1665 2878; x_wconf 79' lang='lat' dir='ltr'>abest.</span> <span class='ocrx_word' id='word_1_430' title='bbox 1713 2839 1853 2879; x_wconf 82' lang='lat' dir='ltr'>Solen-</span> 
     </span>
     <span class='ocr_line' id='line_1_49' title="bbox 329 2891 1853 2948; baseline 0.004 -19"><span class='ocrx_word' id='word_1_431' title='bbox 329 2891 392 2929; x_wconf 90' lang='lat' dir='ltr'>nis</span> <span class='ocrx_word' id='word_1_432' title='bbox 420 2891 542 2944; x_wconf 87' lang='lat' dir='ltr'>hujus</span> <span class='ocrx_word' id='word_1_433' title='bbox 570 2891 755 2931; x_wconf 80' lang='lat' dir='ltr'>adverbii</span> <span class='ocrx_word' id='word_1_434' title='bbox 786 2906 882 2931; x_wconf 88' lang='lat' dir='ltr'>usus</span> <span class='ocrx_word' id='word_1_435' title='bbox 913 2907 965 2932; x_wconf 86' lang='lat' dir='ltr'>an</span> <span class='ocrx_word' id='word_1_436' title='bbox 995 2894 1150 2932; x_wconf 86' lang='lat' dir='ltr'>abusus</span> <span class='ocrx_word' id='word_1_437' title='bbox 1179 2893 1219 2932; x_wconf 89' lang='lat' dir='ltr'>in</span> <span class='ocrx_word' id='word_1_438' title='bbox 1249 2893 1403 2934; x_wconf 86' lang='lat' dir='ltr'>talibus</span> <span class='ocrx_word' id='word_1_439' title='bbox 1434 2893 1633 2933; x_wconf 89' lang='lat' dir='ltr'>formulis.</span> <span class='ocrx_word' id='word_1_440' title='bbox 1668 2894 1722 2934; x_wconf 82' lang='lat' dir='ltr'>V.</span> <span class='ocrx_word' id='word_1_441' title='bbox 1747 2909 1853 2948; x_wconf 86' lang='lat' dir='ltr'>quae</span> 
     </span>
     <span class='ocr_line' id='line_1_50' title="bbox 329 2947 1848 3001; baseline 0.005 -17"><span class='ocrx_word' id='word_1_442' title='bbox 329 2947 514 2999; x_wconf 62' lang='lat' dir='ltr'>congessi</span> <span class='ocrx_word' id='word_1_443' title='bbox 537 2947 590 2986; x_wconf 87' lang='lat' dir='ltr'>ad</span> <span class='ocrx_word' id='word_1_444' title='bbox 613 2947 785 3000; x_wconf 77' lang='lat' dir='ltr'>Gregor.</span> <span class='ocrx_word' id='word_1_445' title='bbox 811 2947 998 2988; x_wconf 82' lang='lat' dir='ltr'>Corinth.</span> <span class='ocrx_word' id='word_1_446' title='bbox 1022 2963 1060 3000; x_wconf 89' lang='lat' dir='ltr'>p.</span> <span class='ocrx_word' id='word_1_447' title='bbox 1086 2952 1174 3001; x_wconf 79' lang='lat'>169.</span> <span class='ocrx_word' id='word_1_448' title='bbox 1199 2954 1237 2989; x_wconf 87' lang='lat' dir='ltr'>et</span> <span class='ocrx_word' id='word_1_449' title='bbox 1263 2949 1303 2988; x_wconf 93' lang='lat' dir='ltr'>in</span> <span class='ocrx_word' id='word_1_450' title='bbox 1328 2948 1499 2988; x_wconf 81' lang='lat' dir='ltr'>Seidleri</span> <span class='ocrx_word' id='word_1_451' title='bbox 1523 2950 1628 2990; x_wconf 88' lang='lat' dir='ltr'>libro</span> <span class='ocrx_word' id='word_1_452' title='bbox 1652 2951 1702 2991; x_wconf 89' lang='lat' dir='ltr'>de</span> <span class='ocrx_word' id='word_1_453' title='bbox 1727 2951 1848 2991; x_wconf 79' lang='lat' dir='ltr'>Vers.</span> 
     </span>
    </p>
   </div>
  </div>
 </body>
</html>
