1997 3256
349 146 459 185 1024
641 142 964 183 ADVERSUS
996 142 1494 184 ARISTOGITONEM
1528 143 1561 184 1.

340 266 423 289 οντι
445 249 544 302 αὐτῷ
570 247 823 302 (demiurgo)
846 248 907 288 καὶ
929 251 1153 298 διακοσμεῖν
1179 247 1379 300 ἀρχομένῳ
1401 247 1444 286 τὸ
1466 250 1544 287 πᾶν
1571 247 1739 287 ἕπεσθαί
1757 252 1855 297 φησι

338 306 409 355 τὴν
432 306 555 354 Δίκην
579 307 679 358 ιςΤῷ
701 306 741 344 δὲ
765 306 863 354 Δίκη
884 321 924 344 π.
948 305 977 343 ἐ.
1001 307 1122 344 πᾶσιν
1144 303 1333 355 ἀρωγός.”
1354 308 1397 343 et
1417 318 1482 358 ap.
1506 303 1628 343 eund.
1653 302 1696 342 in
1718 302 1854 342 Aloib.

338 376 379 414 p.
407 373 499 403 220.
532 360 606 412 πρὸ
642 364 708 400 τοῦ
742 362 887 410 κόσμου
920 362 1018 409 Δίκη
1050 359 1286 399 συνάπτεται
1316 360 1367 413 τῷ
1400 362 1477 399 Διί·
1509 359 1698 410 πάρεδρος
1728 361 1803 410 γὰρ
1835 360 1854 398 ὁ

338 419 471 467 Νόμος
508 420 573 456 τοῦ
608 416 713 463 Διὸς,
748 417 798 458 ὥς
830 423 953 468 φησιν
982 417 1166 467 Ὀρφεύς.
1229 415 1424 456 Ceterum
1458 415 1667 455 sententia
1701 414 1770 455 illa
1803 415 1854 454 de

337 473 366 512 J
372 473 519 513 ustitia
553 473 652 513 ‚Jovi
687 472 897 512 assidente
934 472 1102 525 Orpheo
1138 486 1231 511 cum
1270 471 1362 512 aliis
1401 471 1590 525 plurimis
1625 470 1854 511 communis

336 529 428 578 fuit,
462 529 558 569 inde
590 529 644 570 ab
674 528 863 569 Hesiodo
896 529 972 583 Op.
999 530 1090 582 258.
1128 529 1226 579 Δίκη
1259 530 1336 579 πὰρ
1373 529 1438 568 Διὶ
1473 528 1587 578 πατρὶ
1622 527 1854 577 καθεζομένη

338 586 546 649 Κρονίωνι.ι
581 585 632 625 de
669 599 751 639 quo
782 600 818 625 v.
853 585 1038 625 Lobeck.
1070 585 1096 624 l.
1123 599 1157 624 c.
1189 599 1227 638 p.
1256 586 1351 637 396.
1433 584 1566 624 Totus
1606 587 1747 624 autem
1788 583 1854 622 hic

336 641 483 682 locus
474 657 515 681 111
537 642 586 682 iis
607 647 672 682 est
694 642 763 696 qui
785 656 868 682 non
891 641 1089 696 scriptam
1110 641 1217 681 hanc
1240 640 1473 681 orationem
1494 641 1548 681 ab
1572 639 1855 680 Demosthene

337 712 426 738 esse
448 699 644 769 prodant.

396 766 489 809 773
516 768 553 796 2.
575 755 620 806 ἡς
643 753 1057 808 ἐπώιυμος-λαχών]
1083 753 1150 793 Ex
1174 753 1278 793 Mid
1301 768 1340 807 p.
1364 764 1459 807 572,
1479 753 1516 792 6
1538 755 1651 792 τοῦτο
1673 769 1748 803 γαρ
1771 751 1853 791 ἔσθ’

336 829 356 850 ο
389 811 602 863 φυλάττειν
632 813 729 862 ὑμᾶς
760 815 831 858 δεῖ,
857 811 944 853 τοὺς
975 812 1126 862 νόμους,
1155 811 1224 851 τὸν
1254 811 1381 862 ὅρκον·
1415 808 1517 849 ταῦτ
1547 807 1649 861 ἔχεθ
1679 810 1786 857 ὑμεῖς
1819 809 1855 848 οἱ

336 868 592 916 ὃικάζοντες’
574 869 634 908 αεὶ
658 870 762 919 παρὰ
782 872 858 908 τῶν
881 869 1015 908 ἄλλων
1036 868 1235 919 ὡσπερεὶ
1224 865 1548 918 παρακαταθηκην
1571 868 1647 905 eto.
1682 863 1853 904 DOBR.

395 934 488 977 773,
511 937 549 977 3.
593 926 694 964 καλὰ
736 924 797 964 καὶ
838 925 964 963 δίκαια
1006 941 1067 963 και
1108 921 1380 977 συμφεροντα]
1421 922 1584 963 Eadem
1620 921 1855 975 junguntur

338 995 378 1034 p.
403 991 496 1033 774,
521 993 582 1034 13·
618 980 710 1034 783,
735 990 797 1032 17.
831 980 1090 1020 SCHAEF.

394 1047 487 1100 773.
510 1050 549 1100 5..
580 1035 1045 1089 φυλάττειν-εἰληφὼς]
1080 1035 1309 1075 Custodiam
1340 1035 1515 1075 omnium
1546 1033 1721 1074 cizitatis
1748 1033 1855 1073 deco-

333 1107 436 1141 ram
449 1092 611 1146 7”ῖι)ι’1ωη
639 1092 1001 1145 commodoramqao
1021 1090 1097 1132 sibi
1122 1092 1312 1131 creditam
1329 1091 1599 1144 Jmejmamlo
1627 1090 1855 1144 intmposito

335 1155 484 1190 wactas.
519 1149 629 1190 SCH
636 1148 773 1188 AEF.

393 1207 535 1256 ταύτην
558 1206 628 1255 τὴν
649 1205 814 1258 ἡμεραν]
843 1204 934 1255 Quo
961 1206 1084 1258 ἔλαχε
1106 1204 1281 1252 δικάζειν.
1316 1203 1566 1244 SCHAEF.

391 1261 737 1316 παρακαταθήκην]
783 1261 898 1302 Citat
934 1262 1042 1301 hunc
1084 1261 1219 1300 locum
1255 1260 1519 1313 Phrynichus
1553 1274 1594 1313 p.
1624 1259 1715 1313 138.
1752 1259 1853 1300 edit.

337 1318 478 1359 Pauw.
504 1322 562 1372 (p.
584 1331 682 1372 312.
713 1317 811 1358 edit.
837 1318 1038 1369 Lobeck.)
1074 1317 1267 1357 REISK.
1328 1316 1456 1356 Hunc
1493 1316 1629 1356 locum
1659 1330 1684 1356 a
1718 1330 1854 1370 gram-

335 1375 491 1415 matico
528 1375 647 1415 citari
686 1389 761 1430 ego
796 1374 964 1428 quidem
998 1389 1080 1414 non
1120 1374 1373 1422 adseverem,
1412 1387 1539 1427 quum
1574 1372 1739 1426 saepius
1775 1372 1853 1413 hoc

335 1432 536 1472 vocabulo
557 1446 655 1471 usus
678 1431 732 1472 sit
755 1431 1073 1471 Demosthenes.
1108 1430 1361 1471 SCHAEF.

394 1500 487 1542 773,
513 1489 548 1528 8.
583 1488 658 1527 ἀπὸ
694 1491 760 1538 τῆς
790 1488 979 1538 συνήθους
1011 1486 1204 1541 εὐηθείας]
1239 1486 1273 1526 Ι.
1302 1501 1336 1527 e.
1361 1488 1456 1527 κατὰ
1486 1486 1556 1536 τὴν
1588 1485 1734 1536 συνήθη
1767 1485 1851 1536 εὐή-

334 1548 457 1585 θειαν.
494 1543 686 1584 WOLF.

393 1611 487 1654 773,
516 1602 578 1641 16.
604 1603 701 1651 μετὰ
728 1600 855 1650 πάσης
882 1599 1133 1654 οἰκειότητος]
1159 1599 1415 1653 δίνψῖἱοὶΐιψ,
1445 1605 1488 1639 ut
1518 1599 1622 1639 decet
1648 1598 1793 1638 amicos
1819 1604 1854 1638 et

322 1657 572 1710 familiares.
612 1656 863 1698 SCHAEF.

391 1715 467 1765 ἐγὼ
490 1714 870 1767 γὰρ-ἠβουλόμην]
892 1713 956 1752 De
978 1713 1055 1752 hoc
1080 1713 1170 1752 loco
1197 1712 1356 1753 dictum
1382 1712 1434 1752 ab
1461 1711 1787 1752 &Vestermanno
1810 1711 1851 1751 111

334 1768 646 1824 Prolegomenis
669 1784 794 1824 supra
814 1784 853 1823 p.
879 1771 997 1809 1016.

393 1836 485 1880 773,
513 1839 577 1866 20.
606 1825 854 1893 ἠβουλόμην]
887 1824 1052 1866 Scilicet
1080 1827 1176 1875 ὑμᾶς
1198 1827 1265 1876 ἐμὲ
1295 1825 1544 1865 κατατάττειν
1570 1825 1631 1864 καὶ
1659 1825 1851 1877 προχειρί-

331 1886 477 1930 ζεσθαι,
499 1883 562 1923 vel
582 1883 696 1923 brev
686 1897 749 1923 lus
771 1885 895 1922 τοῦτο.
930 1882 1122 1951 R'EISK.

390 1951 483 1992 773,
509 1952 573 1979 21.
607 1943 626 1979 ὁ
657 1938 967 1990 ποιήσας-παρ’
991 1939 1100 1994 ἡμῖν]
1129 1939 1208 1988 Qui
1234 1937 1348 1992 apud
1373 1952 1440 1978 7205
1466 1950 1577 1992 saepe
1601 1936 1669 1977 hoc
1695 1937 1848 1986 actetat,

331 2000 379 2034 ut
410 2000 577 2036 accuset
608 2000 725 2050 puta.
788 1995 946 2036 Notum
981 2009 1003 2035 e
1038 1994 1247 2036 Ciceronis
1279 1994 1412 2034 Bruto
1448 1997 1693 2034 accusatoie
1724 2009 1849 2048 quam

332 2051 521 2091 odiosum
553 2051 651 2092 olim
681 2052 806 2092 fuelit
836 2056 1123 2092 accusatmem
1154 2051 1528 2106 age1e.REISK.
1591 2050 1724 2090 Immo
1755 2050 1849 2090 sim-

331 2107 522 2161 pliciter:
557 2109 627 2161 qai
656 2109 733 2149 talc
765 2108 864 2162 qaid
880 2109 994 2162 fecit.
1057 2085 1205 2159 Quod(3
1210 2107 1404 2148 Reiskius
1435 2107 1523 2147 vult·
1553 2111 1649 2160 post
1679 2106 1846 2147 dicitur.

333 2164 585 2204 SCHAEF.

389 2221 543 2275 παθὼν]
570 2219 755 2260 Subaudi
784 2234 805 2260 e
833 2220 1039 2261 communi
1068 2238 1113 2261 τι.
1147 2220 1213 2261 ille
1238 2220 1357 2260 ctiam¹
1386 2219 1469 2260 aba
1493 2234 1580 2260 cam
1605 2219 1748 2260 damno
1772 2220 1848 2260 ali-

331 2291 416 2330 quo.
451 2276 644 2317 REISK.
688 2276 748 2318 Cf.
771 2277 823 2317 ad
846 2292 885 2331 p.
910 2279 1005 2331 675,
1031 2290 1096 2331 23.

390 2345 483 2387 773,
509 2346 576 2386 25.
606 2336 653 2373 τὰ
680 2333 768 2385 περὶ
795 2336 861 2384 τῆς
890 2335 1088 2384 ἐνδείξεως
1117 2333 1178 2373 καὶ
1205 2337 1280 2372 τῶν
1303 2333 1430 2383 νόμων
1452 2333 1577 2372 δίκαια
1601 2336 1699 2372 sunt
1727 2346 1847 2386 arqu-

329 2396 471 2437 mcnta.
502 2389 576 2430 loci
607 2390 654 2430 de
684 2391 928 2430 accusatione
959 2389 1178 2445 [opibusque
1209 2403 1378 2443 quaram
1408 2389 1451 2429 in
1481 2389 1727 2429 accusatione
1757 2403 1848 2429 usus

330 2450 395 2485 cst.
432 2446 681 2486 SOHAEF.

391 2512 483 2556 773,
509 2504 572 2543 28.
606 2505 741 2543 τούτου
770 2502 921 2557 τοῦτον]
952 2504 1086 2543 τούτου
1114 2502 1223 2543 redit
1250 2503 1304 2543 ad
1332 2501 1679 2556 Aristogitonem,
1709 2505 1845 2542 τοῦτον

330 2562 471 2598 autem
511 2559 565 2599 ad
608 2560 860 2614 Lycurgum.
897 2559 1096 2600 REISK.
1158 2559 1318 2613 Nempe
1358 2558 1399 2598 in
1439 2563 1661 2612 utrumque
1702 2562 1847 2599 orator

331 2614 511 2655 intendit
533 2615 721 2670 digitum.
761 2616 911 2656 SCHA
922 2616 1010 2656 EF.

387 2673 483 2723 ὑπὲρ
510 2673 1033 2723 πόλεως-βουλευομένους
1064 2672 1270 2727 προσήκει]
1305 2671 1421 2713 Conf.
1453 2675 1559 2711 orat.
1589 2670 1639 2710 de
1669 2684 1771 2724 pace
1802 2685 1841 2724 p.

329 2739 398 2780 57,
422 2741 484 2780 19.
513 2728 687 2768 DOBR.

332 2795 490 2880 Ι)Ο7]7Ξίξ
506 2795 545 2838 5.
579 2785 640 2825 καὶ
660 2787 735 2837 γὰρ
757 2784 833 2825 οὐδ’
857 2785 905 2826 ἂν
926 2786 1059 2828 ἄλλως
1080 2786 1282 2836 δυναίμην]
1316 2784 1382 2824 Ex
1403 2783 1600 2825 Cherson.
1622 2797 1661 2836 p.
1685 2796 1752 2837 95,
1777 2783 1843 2823 28.

389 2896 488 2938 ἅπας
513 2898 533 2936 ὁ
561 2900 636 2937 τῶν
665 2898 878 2948 ἀνθρώπων
905 2899 993 2947 βίος
1020 2915 1051 2937 κ.
1079 2913 1105 2936 τ.
1129 2898 1185 2949 λ.]
1215 2896 1330 2937 Citat
1352 2896 1391 2936 h.
1414 2896 1438 2935 l.
1461 2895 1704 2936 scholiastes
1734 2894 1841 2935 Her-

331 2951 529 3004 mogenis.
576 2952 628 2990 V.
653 2958 739 2993 not.
763 2953 815 2993 ad
838 2968 874 3006 p.
903 2966 994 3007 230,
1021 2965 1084 3004 27.
1122 2952 1372 2993 SOHAEF.
