1997 3256
539 142 861 182 ADVERSUS
897 141 1222 182 LEPTINEM.
1558 144 1641 184 683

125 245 286 293 mentis,
329 245 482 284 nedum
522 248 610 284 tam
652 249 771 285 catus
813 245 965 298 quique
1006 246 1109 286 satis
1150 250 1292 285 nosset
1331 260 1455 298 quam
1496 251 1641 300 ageret

125 314 317 341 caussam
345 304 630 354 quantumque
659 300 738 339 sibi
767 306 877 340 esset
905 302 1132 340 cavendum
1164 316 1214 340 ne
1244 300 1494 341 adversariis
1522 317 1641 355 prae-

124 357 243 396 beret
272 356 394 404 latus,
425 355 560 395 dicere
591 356 779 408 potuisse
809 356 1013 396 videatur.
1078 356 1196 396 Licet
1227 356 1336 396 enim
1367 358 1642 397 concedamus

125 411 350 451 Chabriam
380 417 469 450 tam
500 411 656 451 felicem
689 412 827 458 fuisse,
856 418 903 451 ut
934 412 1088 451 nullam
1118 413 1275 459 urbem,
1302 412 1459 451 nullum
1490 413 1640 453 castel-

123 467 219 515 lum,
252 467 407 506 nullam
443 481 591 506 navem
625 467 854 512 amitteret,
889 467 999 519 quod
1034 481 1133 506 sane
1168 467 1264 506 fidei
1301 482 1384 506 non
1419 472 1642 521 repugnat,

123 537 206 562 non
238 527 377 562 tamen
409 521 548 575 potuit
579 522 656 561 nisi
687 527 826 562 mente
859 527 1007 574 captus
1037 536 1191 575 negare
1220 521 1373 561 milites
1403 537 1429 562 a
1458 523 1642 563 Chabria

123 578 298 617 amissos
326 592 428 617 esse.
490 577 561 616 Sin
589 579 797 617 ἀπώλεσεν
819 582 957 616 vertas
979 577 1173 630 perdidit,
1196 577 1236 615 h.
1259 591 1294 616 e.
1321 577 1361 615 in
1389 591 1536 617 caussa
1562 579 1642 617 suit

124 638 171 673 ut
193 633 362 686 periret,
385 648 478 673 cum
503 633 657 672 servari
680 637 832 685 posset,
857 632 956 685 quid
978 633 1148 671 tandem
1174 636 1238 671 est
1260 632 1370 684 quod
1395 633 1641 673 Demosthe-

125 703 219 728 nem
249 688 448 728 ridiculae
480 687 816 741 exaggerationis
847 688 1100 740 arguamus?
1132 687 1249 727 Conf.
1280 702 1320 739 p.
1342 688 1438 737 482,
1463 690 1501 727 6.
1544 688 1641 727 Om-

124 744 221 783 nino
262 749 310 783 ut
351 744 559 784 Chabriae
599 743 743 782 laudes
779 743 896 795 justo
937 742 1191 795 splendidius
1231 742 1501 794 praedicatae
1542 743 1638 791 sint,

124 804 265 839 tamen
292 813 373 838 non
405 803 507 852 puto
537 797 762 850 quidquam
794 798 949 837 dictum
976 812 1076 844 esse,
1105 797 1170 836 cui
1201 797 1291 850 ipsa
1321 811 1461 837 rerum
1491 798 1544 838 ab
1572 797 1640 837 illo

122 859 337 908 gestarum
357 854 557 893 memoria
579 854 886 892 adversaretur.
922 853 1181 892 SCHAEF.

179 912 276 960 480,
298 921 337 961 5.
361 908 574 961 ναυμαχίᾳ]
598 909 704 962 μάχῃ
727 908 886 948 Anecd.
910 908 1042 947 Bckk.
1075 907 1325 947 SOHAEF.

179 966 276 1013 480,
310 967 347 1004 6.
380 964 562 1016 δεούσας]
602 965 774 1014 δεούσης.
810 968 858 1003 ut
889 964 1007 1003 codd.
1040 963 1238 1010 nonnulli,
1272 962 1400 1002 etiam
1432 962 1474 1002 in
1506 964 1636 1003 Bekk.

124 1020 311 1059 Anecd.:
356 1020 424 1072 qui
456 1019 648 1071 frequens
680 1018 721 1058 in
755 1019 832 1058 hac
869 1024 1082 1059 structura
1114 1022 1178 1057 est
1209 1032 1327 1057 error
1361 1018 1638 1067 librariorum,

123 1090 231 1114 nune
252 1075 405 1128 ubique
425 1077 509 1114 fere
532 1074 732 1114 sublatus.
767 1075 820 1114 V.
846 1075 892 1114 L.
916 1074 1106 1113 Dindorf.
1128 1074 1182 1113 ad
1205 1073 1403 1127 Xenoph.
1428 1073 1542 1114 Hist.
1565 1075 1638 1114 Gr.

129 1145 161 1179 1,
190 1145 218 1179 1,
242 1133 281 1170 6.
304 1136 346 1170 et
371 1130 530 1170 Sinten.
554 1130 607 1169 ad
631 1130 743 1169 Plut.
763 1130 854 1169 Vit.
877 1130 953 1169 vol.
972 1144 1010 1183 3.
1033 1144 1072 1182 p.
1093 1141 1183 1181 129.

181 1187 330 1236 ἔλαβεν
371 1186 641 1238 αἰχμαλώτους
681 1186 860 1238 τριήρεις]
909 1186 1034 1234 ἔλαβε
1083 1185 1249 1235 τριήρεις
1298 1184 1459 1223 Anecd.
1504 1184 1636 1224 Bekk.

125 1241 374 1282 SOHAEF.

179 1298 276 1349 480,
301 1308 338 1346 7.
365 1301 441 1336 τῶν
470 1296 600 1345 νήσων
627 1296 790 1348 τούτων]
820 1295 1057 1334 Pronomen
1085 1295 1205 1334 abest
1233 1295 1287 1334 ab
1313 1293 1533 1333 Aristide:
1567 1295 1640 1334 scd

123 1354 228 1393 bene
259 1353 399 1392 habet.
430 1352 586 1399 Icarum,
609 1352 656 1391 de
682 1350 821 1404 quibus
848 1365 1096 1390 commemoro
1127 1357 1163 1390 et
1186 1364 1284 1402 quas
1314 1364 1378 1389 ‘cos
1402 1363 1529 1389 omnes
1558 1363 1642 1390 nos-

123 1411 184 1455 tis,
217 1408 454 1447 insularum.
518 1406 816 1446 Nominaverat
846 1406 970 1459 paulo
1000 1410 1100 1445 ante
1130 1405 1338 1458 Aeginam
1370 1410 1412 1444 et
1443 1405 1639 1458 Cyprum.

124 1464 317 1504 REISK.
349 1463 586 1510 iozszclcm'um,
609 1475 707 1515 quas
727 1462 856 1509 nostis,
879 1466 927 1501 ut
948 1462 1053 1501 bene
1075 1460 1283 1500 Reiskius.
1346 1460 1425 1510 Qui
1446 1460 1640 1513 frequens

123 1524 187 1559 est
220 1518 475 1573 pronominis
508 1532 617 1565 usus,
651 1518 701 1556 de
737 1532 818 1570 quo
856 1516 962 1556 dixit
1000 1516 1277 1556 Marklandus
1312 1516 1366 1555 ad
1406 1515 1640 1555 Maximum

125 1575 222 1628 Tyr.
248 1575 357 1613 Diss.
382 1587 447 1626 23.
470 1589 509 1626 p.
533 1575 628 1626 694.
691 1573 834 1611 Minus
861 1576 974 1611 recte
1002 1572 1137 1611 locum
1163 1571 1335 1624 exponit
1363 1570 1564 1624 Taylorus
1585 1572 1639 1611 ad

124 1630 197 1670 Or.
222 1630 264 1669 in
297 1629 474 1669 Midian]
504 1643 544 1681 p.
566 1630 662 1681 580,
688 1640 748 1667 12.
780 1641 1009 1681 pronomen
1046 1630 1237 1668 δεικτικῶς
1267 1631 1515 1679 usurpatum
1547 1641 1639 1666 cen-

123 1700 229 1733 sens,
256 1689 305 1725 ut
333 1689 478 1725 orator
508 1683 686 1737 digitum
711 1682 940 1723 intenderit
961 1683 1015 1722 ad
1043 1681 1213 1733 Πράξεις
1241 1685 1431 1731 Χαβρίου,
1461 1682 1501 1721 11.
1525 1696 1558 1721 e.
1584 1682 1639 1721 ad

122 1741 273 1780 librum
300 1740 581 1780 memorialem
608 1739 649 1778 in
676 1738 813 1778 medio
838 1739 1049 1791 jacentem
1077 1742 1120 1777 et
1147 1751 1243 1776 mox
1271 1736 1543 1785 recitandum,
1567 1737 1637 1789 qui

124 1796 330 1836 Chabriae
358 1810 424 1835 res
451 1799 591 1848 gestas
612 1795 842 1847 harumque
871 1793 1099 1833 insularum
1126 1791 1295 1832 nomina
1324 1796 1367 1831 et
1394 1792 1638 1832 memoriam

123 1852 483 1905 complecteretur.
518 1850 567 1889 F.
590 1850 642 1888 A.
668 1849 860 1888 WOLF.

179 1909 276 1957 480,
304 1920 317 1945 1
334 1920 366 1946 1.
388 1906 512 1946 πλέον
533 1904 575 1958 ἦ]
601 1904 751 1944 Omisit
772 1903 999 1943 Aristides.
1023 1901 1214 1942 REISK.
1252 1902 1368 1942 Conf.
1390 1917 1430 1955 p.
1454 1903 1550 1952 481,
1575 1915 1637 1942 10.

125 1961 375 2002 SOHAEF.

179 2019 276 2068 480,
303 2029 366 2056 12.
402 2015 680 2068 πρεσβύτατοι]
718 2014 905 2054 Alterius
940 2013 1129 2053 lectionis
1164 2013 1424 2063 πρεσβύτεροι
1458 2012 1639 2065 patroci-

122 2072 251 2120 nium,
279 2072 390 2125 quod
421 2071 517 2110 olim
550 2071 751 2124 Taylorus
782 2069 978 2122 suscepit,
1011 2082 1086 2122 ego
1121 2082 1230 2107 nunc
1262 2067 1324 2107 ita
1353 2081 1560 2120 exsequar
1591 2071 1640 2107 ut

123 2128 265 2181 paucis
287 2127 459 2166 dubium
483 2125 538 2165 sit
558 2126 745 2165 futurum
768 2125 866 2178 quid
891 2128 1038 2164 auctor
1065 2122 1292 2175 reliquerit.
1356 2122 1511 2162 Statim
1533 2122 1574 2161 id
1596 2122 1639 2161 in

124 2183 253 2222 oculis
284 2182 467 2236 positum
498 2185 574 2228 est,
604 2194 732 2233 quum
764 2179 966 2220 Chabrias
996 2178 1065 2218 vix
1096 2177 1372 2231 quadriennio
1402 2182 1501 2216 ante
1531 2177 1638 2217 hanc

123 2238 357 2278 orationem
392 2237 583 2276 habitam
618 2235 870 2282 occubuerit,
908 2234 1092 2287 (Olymp.
1120 2245 1211 2285 105,
1236 2234 1294 2285 3.)
1330 2232 1408 2271 hoc
1445 2232 1638 2284 amplius,

125 2308 252 2347 quum
276 2293 387 2332 inter
413 2306 597 2345 pugnam
619 2291 814 2338 Naxiam,
836 2290 878 2328 in
900 2304 981 2342 qua
1009 2288 1188 2328 maxime
1216 2287 1347 2327 virtus
1369 2286 1444 2326 viri
1474 2286 1637 2335 enituit,

124 2354 167 2388 et
195 2348 396 2388 orationis
424 2352 592 2387 nostrae
621 2351 786 2399 tempus
814 2349 982 2385 tantum
1012 2355 1062 2395 25
1090 2342 1188 2383 anni
1216 2342 1424 2390 intersint,
1448 2356 1639 2381 caussam

123 2404 268 2443 adesse
295 2403 461 2448 nullam,
484 2416 557 2441 cur
583 2401 625 2440 in
646 2402 771 2440 rebus
795 2401 848 2440 ab
869 2414 918 2439 eo
946 2398 1076 2453 gestis
1097 2412 1177 2436 non
1203 2397 1273 2437 alii
1294 2401 1426 2436 testes
1456 2397 1640 2436 citentur

125 2473 249 2511 quam
281 2462 384 2498 natu
419 2456 602 2497 maximi.
664 2456 774 2506 Quid
807 2455 944 2494 enim?
980 2454 1050 2493 An
1085 2452 1366 2505 sexagenariis
1400 2456 1476 2491 aut
1512 2451 1640 2490 ctiam

124 2514 351 2567 majoribus
380 2527 482 2565 opus
510 2517 614 2560 erat,
643 2516 691 2551 ut
719 2515 859 2550 essent
887 2509 958 2563 qui
986 2507 1213 2549 Chabriam
1240 2507 1281 2546 in
1309 2506 1487 2559 glorioso
1516 2520 1639 2545 cursu

123 2568 313 2609 laborum
343 2568 553 2614 vidissent,
581 2571 656 2606 aut
682 2565 759 2619 ipsi
787 2566 864 2604 sub
891 2579 940 2604 eo
970 2562 1247 2603 meruissent?
1280 2561 1468 2600 Minores
1498 2565 1640 2600 autem

125 2624 405 2678 sexagenariis
441 2636 562 2662 nemo
592 2635 775 2674 unquam
810 2633 934 2659 sanus
967 2619 1009 2657 in
1044 2631 1215 2656 numero
1251 2620 1328 2656 τῶν
1357 2615 1640 2666 πρεσβυτάτων

125 2680 284 2719 habuit.
347 2679 407 2718 At
435 2677 649 2731 probabile
677 2680 741 2715 est
771 2680 860 2715 tam
886 2674 1021 2727 prima
1051 2677 1149 2712 acta
1175 2671 1251 2711 viri
1284 2684 1408 2723 quam
1436 2677 1639 2718 extrema,

125 2739 252 2788 atque
283 2734 384 2773 illud
410 2738 576 2786 tempus
607 2745 739 2778 omne,
768 2744 843 2784 per
874 2729 985 2782 quod
1014 2727 1174 2766 meritis
1204 2725 1357 2773 floruit,
1386 2725 1440 2764 ab
1471 2729 1640 2764 oratore

127 2789 288 2843 respici.
334 2789 401 2828 Sic
431 2802 563 2841 usque
593 2788 647 2827 ad
679 2786 842 2839 Olymp.
865 2785 930 2836 96,
953 2797 992 2833 4.
1024 2781 1289 2827 retrahimur,
1323 2794 1404 2832 quo
1435 2778 1500 2818 ille
1529 2793 1640 2819 anno

126 2844 307 2898 primum
341 2842 633 2898 imperatoriae
667 2841 771 2881 artis
806 2839 1013 2892 specimen
1049 2837 1178 2876 dedit.
1240 2835 1340 2874 Vid.
1370 2834 1541 2874 Diodor.
1576 2846 1638 2884 14,

129 2912 198 2953 92.
258 2899 389 2940 Ratio
425 2900 528 2939 haec
563 2897 743 2938 tuendae
779 2898 973 2948 receptae
1009 2891 1198 2932 lectionis
1234 2890 1295 2930 ita
1329 2889 1429 2929 mihi
1458 2888 1536 2942 ipsi
1568 2889 1641 2929 ali-
