1997 3256
482 155 805 197 ADVERSUS
845 158 1262 199 TIMOORATEM.
1541 163 1626 206 993

173 260 267 310 728,
292 271 342 313 23
379 263 429 314 τῷ
453 262 739 312 καταστήσαντι
759 262 870 315 λέγει
897 264 983 306 τοὺς
1000 263 1202 317 ἐγγυητάς]
1227 263 1411 304 Subaudi
1438 265 1499 305 καὶ
1519 267 1625 319 μόνῳ

115 317 248 369 τούτῳ,
272 315 360 355 ἀλλ’
384 317 428 356 οὐ
449 319 499 371 τῷ
520 318 667 367 μηδένα
688 319 974 369 καταστήσαντι
997 319 1200 370 ἐγγυητήν.
1236 319 1432 360 REISK.

174 384 269 423 729,
294 385 328 412 Ι.
360 372 547 427 ἀνάγκην]
581 374 748 414 Scilicet
784 379 850 414 τοῦ
889 376 1117 415 καθιστάναι
1151 377 1338 426 ἐγγυητὰς
1373 375 1394 426 ἢ
1431 376 1625 425 δεδέσθαι,

113 428 373 467 necessitatem
412 435 483 468 aut
523 431 785 470 constituendi
824 431 942 471 vades
981 437 1051 470 aut
1091 431 1133 470 in.
1175 446 1367 471 carcerem
1408 433 1626 486 miqrandi.

114 482 308 523 REISK.
371 484 503 524 Immo
535 489 601 525 τοῦ
633 489 766 526 δοῦναι
794 487 912 536 δίκην.
977 487 1141 527 Docent
1178 487 1365 540 proxime
1394 488 1623 542 sequentia.

173 607 270 648 729,
296 611 334 647 4.
372 597 439 647 ὑφ’
460 596 584 650 ὑμῶν]
625 597 749 652 Vulg.
784 597 844 649 ἐφ’
876 600 992 648 ὑμῶν.
1036 598 1102 649 ὑφ“
1123 599 1227 648 ὑμῶν
1249 600 1430 653 August.
1453 599 1623 653 primus.

116 650 174 691 Et
207 652 263 691 sic
295 652 470 692 correxi.
518 668 544 693 a
576 653 694 701 robis,
726 658 799 693 aut
830 668 856 693 a
888 654 1172 693 decessoribus
1204 655 1364 694 vestris.
1425 656 1627 695 Oratores

115 707 224 747 enim
246 708 396 748 Graeci
420 709 471 748 de
493 714 696 749 conventu
714 710 901 762 judicum
922 720 969 749 ut
991 710 1040 749 de
1063 724 1236 763 corpore
1258 710 1438 763 quodam
1462 711 1627 750 immor-

113 763 190 804 tali
220 763 331 817 loqui
363 765 508 805 solent.
575 765 617 804 Si
650 765 749 818 quid
780 764 1011 819 superiores
1037 765 1277 818 judicarint,
1301 766 1342 804 id
1370 765 1479 805 idem
1501 767 1629 807 etiam

114 826 357 873 praesentes
379 835 547 861 censere
568 826 609 861 et
632 826 772 861 ratum
793 821 946 861 habere
969 820 1275 861 existimantur.
1311 821 1508 862 REISK.

174 887 266 929 729.
294 887 329 928 7.
374 878 494 928 ἄκυρα
529 879 577 917 τὰ
609 877 903 927 προστιμήματα
937 877 1057 930 ποιεῖ]
1094 876 1279 917 Eludens
1319 878 1628 919 exsecutionem

115 931 433 981 sententiarum,
457 947 559 986 quas
575 933 735 986 judices
756 933 942 979 tulerint,
967 948 1192 987 earumque
1213 934 1293 973 vim
1315 934 1398 973 suis
1421 935 1626 988 exceptio-

114 988 235 1028 nibus
257 994 300 1028 et
320 989 512 1029 clausulis
533 989 741 1043 frangens.
774 989 967 1029 REISK.
1034 990 1206 1030 Mutata
1235 990 1444 1031 locutione
1469 1006 1509 1045 p.
1533 1002 1627 1045 725,

116 1056 181 1084 22.
204 1047 251 1085 τὰ
272 1044 497 1095 δικαστήρια
518 1046 638 1095 ἄκυρα
660 1048 819 1095 ποιῆσαι
842 1049 916 1085 τῶν
937 1046 1274 1097 προστιμημάτων.
1310 1046 1430 1098 Quod
1452 1047 1630 1087 recurrit

114 1115 153 1154 p.
178 1112 271 1155 732,
296 1114 356 1140 10.
390 1101 640 1141 SGHAEF.

174 1169 269 1209 729,
293 1170 354 1197 10.
376 1162 562 1207 τιμῶντας
583 1158 623 1196 h.
645 1157 671 1196 l.
695 1172 777 1197 non
809 1163 873 1198 est
905 1157 1013 1197 idem
1045 1159 1155 1211 quod
1187 1162 1491 1210 προσ-τιμῶντας,
1525 1173 1631 1212 quae

115 1212 273 1253 Reiskii
296 1213 435 1267 opinio
457 1218 533 1261 est,
557 1214 629 1253 sed
650 1213 856 1268 significat
875 1228 1018 1267 genus,
1042 1215 1152 1267 quod
1184 1214 1311 1255 etiam
1343 1215 1385 1254 τὸ
1413 1218 1631 1267 προστιμᾶν

113 1273 161 1309 ut
181 1270 357 1310 formam
378 1270 679 1323 complectitur.
715 1269 964 1310 SOHAEF.

173 1336 269 1379 729,
296 1328 359 1366 16.
383 1327 622 1379 φιλοτιμίας]
648 1327 816 1366 Decora.
850 1326 1100 1366 SCHAEF.

174 1393 266 1434 729,
304 1395 369 1423 22.
422 1382 777 1437 Distinguendum
826 1382 1001 1429 videtur.
1043 1387 1122 1424 πῶς
1171 1383 1240 1423 οὖν
1290 1382 1500 1435 ἀνάγκη-
1519 1384 1606 1423 ἐστί
1617 1400 1627 1430 ;

175 1507 268 1548 730,
294 1495 330 1533 8.
358 1495 402 1544 νὴ
427 1495 521 1548 Δία]
549 1494 747 1535 Formula
769 1494 989 1535 intendens
1011 1494 1093 1534 vim
1115 1493 1417 1534 enuntiationis
1439 1495 1633 1536 sarcasti-

115 1564 218 1591 cam.
253 1552 512 1591 SCHAEF.

175 1618 267 1661 730,
293 1621 351 1647 10.
377 1607 459 1647 εἶτα
480 1606 572 1660 τότ’]
601 1607 666 1647 Sic
691 1606 836 1648 Latini
858 1613 950 1647 tunc
971 1607 1120 1647 deinde.
1154 1606 1406 1647 SOHAEF.

175 1674 269 1717 730,
293 1664 355 1703 18.
377 1668 460 1705 ταῖς
491 1665 647 1713 ὀξύτησι
683 1668 725 1703 et
758 1668 837 1705 τοῖς
869 1666 936 1702 τοῦ
968 1663 1143 1713 πολέμου
1176 1666 1321 1714 καιροῖς
1345 1663 1539 1717 deinceps
1571 1663 1633 1704 ita

117 1723 361 1773 sequuntur,
384 1723 431 1759 ut
453 1719 660 1773 posterius
682 1720 735 1760 sit
757 1719 996 1773 epexegesis
1026 1719 1191 1772 prioris.
1253 1718 1383 1759 Simili
1416 1719 1634 1774 epexegesi

118 1775 453 1829 Theophylactus
475 1775 625 1815 Simoc.
648 1791 687 1830 p.
713 1790 751 1829 9.
773 1775 874 1815 edit.
899 1775 1094 1815 Commel.
1119 1775 1224 1814 οἶδεν
1246 1776 1265 1814 ὁ
1287 1775 1442 1826 λαγωὸς
1463 1778 1535 1815 διὰ
1555 1778 1634 1815 τοῦ

118 1834 292 1883 δρόμου
344 1833 415 1871 καὶ
456 1835 537 1881 τῆς
584 1836 672 1871 τῶν
711 1835 863 1872 ποδῶν
905 1833 1123 1882 ὀξύτητος
1169 1831 1380 1883 κυνηγέτου
1421 1833 1635 1881 ἐπιβουλὰς

117 1888 429 1938 ἀποπέμπεσθαι.
463 1888 713 1929 SCHAEF.

177 1957 270 1998 730,
296 1957 359 1998 23.
383 1944 452 1994 τὴν
474 1945 679 1997 διοίκησιν]
710 1944 763 1984 V.
787 1948 873 1984 not.
895 1943 950 1983 ad
972 1959 1011 1997 p.
1035 1945 1131 1998 564,
1158 1955 1224 1995 23.
1262 1942 1515 1983 SCHAEF.

180 2013 276 2054 731,
301 2015 337 2055 9.
365 2000 476 2055 ἐνδέῃ
498 1999 858 2053 πολλῶν-ταῦτα]
889 2001 1033 2042 ἐνδεεῖς
1054 2001 1190 2053 πολλῷ
1219 1999 1315 2052 (hoo
1338 2013 1431 2039 cum
1454 1998 1632 2050 Wolfio)

117 2059 179 2098 καὶ
200 2059 293 2108 μηδὲ
316 2058 453 2098 ταύτας
474 2056 649 2110 conjecit
672 2057 906 2096 DobraeuS.

176 2127 272 2167 731,
298 2126 362 2164 24.
397 2113 456 2152 καὶ
487 2117 562 2153 τῶν
591 2111 806 2166 ἐγγυητῶν]
838 2111 985 2151 Malim
1014 2112 1074 2151 καὶ
1095 2115 1171 2151 τῶν
1192 2112 1338 2151 τούτων
1359 2112 1570 2163 ἐγγυητῶν,
1592 2110 1633 2150 id

118 2176 181 2211 est
203 2172 299 2210 κατὰ
318 2174 394 2209 τῶν
416 2171 624 2220 ἐγγυητῶν,
648 2170 714 2210 οὓς
735 2169 783 2208 ἂν
805 2169 909 2208 οὗτοι
932 2167 1218 2217 καταστήσωσι.
1271 2174 1306 2207 et
1337 2173 1471 2207 contra
1502 2167 1633 2213 vades,

116 2227 152 2266 si
191 2241 283 2280 quos
321 2226 364 2266 1ιὶ
394 2224 607 2279 publicani
647 2224 902 2265 exhibuerint.
936 2223 1130 2264 REISK.
1205 2223 1286 2263 Sed
1323 2224 1429 2263 conf.
1463 2238 1502 2276 p.
1539 2233 1634 2277 713,

118 2294 157 2337 5,
176 2287 230 2330 6.,
252 2282 321 2322 ubi
353 2296 581 2336 pronomen
613 2295 694 2321 non
723 2281 856 2335 magis
884 2279 1074 2320 additum
1103 2283 1178 2320 est.
1242 2279 1422 2319 Omnino
1457 2279 1637 2333 graecis-

118 2353 210 2378 mus
232 2338 417 2378 abstinet
434 2352 510 2377 usu
527 2337 818 2391 pronominum
840 2336 910 2376 ubi
928 2335 1079 2375 omissa
1102 2349 1267 2375 sensum
1288 2349 1371 2375 non
1393 2335 1633 2375 obscurant.

120 2394 370 2436 SCHAEF.

179 2462 199 2503 7
205 2464 272 2505 31,
299 2463 361 2504 25.
388 2450 509 2500 Quod
530 2454 626 2503 post
648 2451 846 2501 ἐγγυητῶν
868 2448 909 2486 in
931 2447 1047 2487 libris
1068 2446 1233 2500 legitur,
1256 2448 1322 2488 τὰς
1352 2445 1510 2497 πράξεις
1541 2448 1637 2486 κατὰ

119 2507 205 2549 τοὺς
226 2507 471 2559 ὑπάρχοντας
493 2507 644 2555 νόμους,
668 2504 856 2557 suspicor
878 2503 974 2542 olim
996 2502 1254 2556 adscriptum
1282 2501 1461 2555 margini
1492 2502 1546 2541 ab
1577 2501 1637 2541 in-

119 2567 384 2617 terpretante
414 2566 561 2616 postea
597 2560 638 2599 in
669 2566 834 2601 textum
864 2559 1090 2613 irrepsisse.
1152 2557 1304 2597 Deleto
1333 2571 1381 2597 eo
1409 2556 1518 2597 enim
1546 2557 1638 2597 vide

121 2633 246 2673 quam
281 2619 381 2658 levis
416 2617 612 2671 periodus
644 2617 697 2657 ab
731 2615 848 2655 initio
885 2616 939 2655 ad
974 2615 1097 2654 finem
1132 2613 1340 2653 decurrat.
1418 2614 1638 2653 Servatum

120 2680 262 2716 autem
295 2689 377 2714 non
413 2674 536 2713 modo
571 2677 720 2726 gravat
756 2670 1122 2717 constructionem,
1161 2670 1234 2709 sed
1270 2669 1398 2709 etiam
1438 2668 1640 2723 disjungit

120 2737 237 2773 arcte
263 2730 502 2785 jungenda:
539 2731 633 2769 κατὰ
663 2733 739 2768 τῶν
764 2731 940 2767 τελωνῶν
963 2727 1023 2766 καὶ
1054 2730 1129 2765 τῶν
1152 2727 1363 2777 ἐγγυητῶν,
1387 2725 1448 2764 καὶ
1480 2726 1514 2763 εἰ
1544 2724 1639 2764 κατά

122 2804 307 2828 τινων-.
354 2786 607 2827 sGHAFF.
694 2784 746 2823 In
786 2788 927 2823 annot.
966 2781 1058 2822 crit.
1093 2782 1147 2822 ad
1183 2781 1223 2820 h.
1260 2780 1284 2819 l.
1318 2794 1395 2833 pro
1432 2779 1637 2819 Voemelii

122 2843 288 2884 nomine
310 2841 520 2883 Schaeferi
542 2854 691 2880 nomen
712 2844 904 2893 ponatur.

184 2911 277 2953 731,
302 2901 367 2939 26.
398 2899 530 2951 τινων]
569 2897 618 2935 In
651 2896 805 2936 talibus
837 2892 1115 2933 locutionibus
1150 2892 1204 2932 ad
1236 2904 1463 2944 pronomen
1496 2890 1638 2930 indefi-

125 2955 259 2996 nitum
286 2954 408 3008 vulgo
440 2952 696 2993 subaudiunt
726 2950 978 3044 adjectivum
1009 2950 1142 2990 ἄλλος.
1206 2948 1261 2987 V.
1288 2947 1335 2987 L.
1357 2946 1471 2987 Bosii
1494 2946 1637 3000 Ellips.

864 3021 889 3044 n
911 3020 924 3044 c
