1997 3256
514 148 836 191 ADVERSUS
874 150 1197 192 LEPTINEM.
1530 153 1607 194 721

99 256 273 306 patente
299 252 341 292 in
362 252 507 306 vulgus
528 259 630 294 nota
651 260 761 295 sunt.
823 254 1190 339 Cai'thaginienses
1212 254 1291 294 illis
1312 254 1488 308 subjecti
1516 260 1611 309 post

99 307 258 348 cladem
289 309 342 348 ad
372 308 591 349 Himeram
624 310 1466 363 ()1)11η1.75,Υ1(1.1)10(101·.11,20
1495 325 1608 364 seqq.

98 362 313 414 Just1n4‚
333 376 369 405 2.
388 369 430 404 01
451 365 502 404 de
523 365 638 405 clade
660 343 980 406 Atheniensium
1003 366 1190 419 superius
1212 370 1359 406 notata
1380 366 1434 406 ad
1456 381 1494 418 p.
1513 369 1608 419 469,

101 431 165 468 24.
198 418 245 458 F.
268 420 325 458 A.
349 419 407 457 W
412 420 489 459 ΟΙ.
498 420 544 460 Γ.

153 476 250 526 506,
276 487 340 515 20
364 476 575 529 ναυμαχίᾳ]
608 476 850 516 Bekkeius:
887 478 1149 528 ναυμαχίαν
1176 476 1234 515 1’.”
1294 476 1457 516 Eadem
1486 476 1611 529 scrip-

97 534 219 569 turae
245 530 425 570 valietas
453 531 495 570 in
524 531 648 571 Diod.
672 532 750 571 Sic.
780 546 840 579 11,
867 533 929 571 26.
992 533 1129 584 Supra
1155 546 1195 584 p.
1225 542 1313 582 172,
1339 543 1404 582 2.7
1425 531 1495 580 τὴν
1522 532 1610 581 περὶ

98 584 361 681 ἔὸίῧιᾉῗίκα
382 589 601 639 ναυμαχίαν
622 588 813 639 Χαβρίας.
852 587 906 627 Υ.
931 587 967 626 L
957 600 1118 640 ennep.
1139 587 1193 627 ad
1218 586 1387 626 Phalal.
1409 600 1449 638 p.
1472 596 1546 639 155
1567 587 1607 626 b.

152 697 249 748 506,
282 709 346 736 21.
378 697 646 750 γραμματέως]
685 697 779 736 Hoc
815 697 884 737 alii
922 711 1085 751 quoque
1121 696 1346 749 scriptores
1381 699 1608 741 testantur.

97 751 341 805 Dionysium
377 757 542 804 patrem
582 759 769 792 extremo
804 752 893 791 loco
933 758 1079 792 natum
1113 752 1239 792 fuisse
1275 756 1330 800 01,
1367 751 1608 805 priusquam

96 807 359 860 tyrannidem
380 808 605 861 occuparit,
628 808 779 846 nullius
800 808 911 861 apud
932 822 1028 847 suos
1053 807 1331 847 auctoritatis.
1385 806 1607 853 Diodorus,

95 862 421 916 haudquaquam
452 863 709 916 spernendus
739 868 888 903 auctor
917 863 958 902 in
988 864 1113 903 rebus
1143 862 1304 910 Siculis,
1332 875 1394 915 13,
1419 864 1486 913 96.
1515 876 1608 901 eum

95 919 323 969 γραμματέα
351 919 412 958 καὶ
442 919 509 958 τὸν
540 920 709 970 τυχόντα
740 920 890 968 ἰδιώτην
918 924 1052 965 vocat.
1081 923 1124 959 et
1152 918 1221 973 qui
1249 917 1527 972 &Vesselingio
1555 918 1607 958 ad

95 973 135 1013 h.
162 974 188 1014 l.
219 974 389 1021 citatur.
424 974 659 1027 Polyaenus
685 986 727 1027 5,
761 986 796 1022 2,
828 987 863 1014 2.
895 976 1160 1026 ὑπηρετοῦντα
1196 975 1258 1014 καὶ
1288 975 1611 1025 γραμματεύοντα

93 1033 175 1071 τοῖς
195 1033 438 1080 στρατηγοῖς.
498 1030 525 1068 ,J
531 1044 599 1069 am
627 1030 668 1069 id
692 1044 842 1070 munus
862 1030 1116 1082 γραμματέως
1142 1044 1194 1070 ex
1220 1029 1363 1070 multis
1390 1029 1490 1069 loeis
1518 1043 1609 1069 ora-

94 1089 231 1125 torum
254 1090 374 1138 patet
395 1085 577 1125 Athenis
598 1100 746 1139 parum
767 1086 1040 1126 honorificum
1060 1086 1198 1126 fuisse.
1229 1086 1347 1126 Conf.
1362 1085 1607 1139 Wesseling.

95 1145 182 1181 not.
204 1141 257 1181 ad
287 1141 417 1181 Petit.
442 1141 536 1180 LL.
559 1142 659 1181 ΑΛ.
686 1157 725 1194 p.
751 1154 847 1196 342.
875 1146 917 1182 01
945 1142 1104 1183 Corsin.
1129 1142 1178 1181 F.
1200 1143 1256 1181 A.
1278 1141 1355 1181 vol.
1383 1153 1420 1182 2.
1450 1156 1489 1194 p.
1518 1154 1607 1195 153.

96 1196 191 1236 Non
211 1196 290 1236 fuit
312 1197 412 1236 illud
434 1197 601 1250 quidem
622 1197 663 1236 in
686 1198 862 1238 Graecia
882 1212 956 1251 per
977 1212 1020 1237 se
1041 1198 1307 1238 inhonestum
1331 1202 1406 1237 aut
1427 1201 1609 1237 contem-

95 1257 198 1300 tum,
219 1254 446 1303 ὑπηρεσία
474 1257 629 1302 tamen.
653 1267 736 1293 11011
763 1254 892 1305 ἀρχή,
914 1254 1036 1307 plane
1062 1258 1110 1293 ut
1137 1253 1249 1307 apud
1276 1253 1487 1292 Romanos
1514 1253 1609 1292 scri-

94 1307 163 1349 bae
182 1308 392 1348 interdum
420 1308 547 1348 etiam
568 1323 662 1348 cum
687 1309 902 1349 lictoribus
930 1314 1204 1350 numerantur
1225 1309 1334 1348 inter
1361 1308 1610 1361 apparitores

94 1364 413 1418 mayistratzczcm.
432 1364 562 1417 iisque
585 1365 850 1404 ministerium
870 1364 1084 1413 tribuitur,
1104 1379 1316 1417 nunquam
1339 1364 1607 1417 mayz‘stratus.

95 1419 343 1473 Quanquam
371 1419 412 1458 111
435 1420 606 1460 Graecis
637 1420 877 1460 civitatibus
904 1421 1043 1473 paullo
1072 1420 1413 1460 honorificentior
1439 1433 1489 1460 ea
1516 1433 1609 1472 pro-

94 1475 228 1516 vincia
257 1475 418 1523 habita,
449 1476 600 1529 quippe
631 1480 674 1516 et
708 1476 983 1529 ingenuorum
1012 1476 1238 1523 hominum,
1271 1479 1314 1515 et
1344 1488 1427 1514 11011
1457 1489 1609 1514 11101·οο-

94 1531 224 1581 naria,
247 1535 295 1571 ut
315 1535 432 1584 put0.
491 1531 609 1572 Conf.
632 1531 807 1585 Nepotis
831 1532 1006 1572 Eumen.
1028 1545 1061 1571 c.
1092 1545 1126 1571 1.
1188 1533 1253 1571 At
1274 1531 1445 1571 verbum
1466 1534 1609 1571 tamen

93 1588 297 1638 ὑπηρετεῖν
324 1587 490 1626 solenne
519 1587 672 1640 ubique
702 1588 753 1627 de
781 1587 928 1627 scribis
954 1587 1191 1641 passimque
1218 1587 1489 1640 conjunctum
1516 1600 1609 1625 cum

93 1644 379 1695 γραμματεύειν
409 1647 451 1682 01
480 1644 858 1694 ὑπογραμματεύειν,
886 1643 948 1683 1111
980 1644 1094 1696 apud
1126 1643 1399 1683 Demosthen.
1431 1642 1482 1681 de
1514 1641 1608 1681 Cor.

94 1713 135 1752 p.
159 1709 257 1751 315,
284 1711 323 1750 9.
365 1702 409 1738 et
457 1698 569 1738 alibi.
630 1700 775 1752 Atque
810 1699 889 1738 hoc
923 1713 1006 1739 non
1048 1699 1171 1739 aliter
1210 1699 1336 1738 fuisse
1377 1697 1610 1750 Syracusis,

93 1754 353 1806 eundemque
385 1753 441 1792 ibi
476 1753 635 1794 scribas
670 1754 806 1794 locum
838 1754 1036 1802 tenuisse,
1068 1768 1144 1807 pro
1173 1758 1290 1794 certo
1325 1753 1423 1806 poni
1453 1757 1606 1806 potest.

93 1808 298 1862 quidquid
345 1809 598 1862 obloquatur
645 1810 863 1863 Ulpianus,
905 1825 1028 1863 quem
1078 1814 1191 1850 recte
1239 1809 1428 1849 refutant
1479 1808 1609 1861 Span—

92 1865 253 1905 hemius
281 1864 331 1904 de
355 1865 410 1904 U.
432 1870 475 1905 01
505 1865 554 1905 P
579 1865 630 1905 N.
654 1866 831 1906 Disser-.t
860 1880 898 1918 9.
927 1880 967 1919 p.
991 1876 1086 1918 705.
1115 1870 1158 1906 et
1185 1864 1541 1918 XVesselingiusl.
1567 1878 1602 1904 0.

92 1921 123 1961 J
125 1935 193 1961 am
213 1920 336 1974 plane
357 1934 439 1960 11011
461 1921 632 1960 dubium
654 1926 730 1970 est,
747 1921 884 1975 Dion)
888 1921 994 1960 sium
1010 1926 1183 1975 propter
1203 1920 1313 1960 1100
1304 1934 1438 1973 1psum
1459 1934 1610 1959 munus

93 1976 347 2028 γραμματέως
376 1990 402 2016 a
432 1982 576 2016 nostro
612 1977 749 2017 vocari
784 1977 969 2040 potuis-se
1005 1977 1212 2028 ὑπηρέτην.
1281 1976 1430 2016 Nescio
1466 1980 1608 2016 tamen

93 2031 191 2086 quid
220 2031 262 2070 in
289 2031 367 2071 hoc
393 2032 483 2072 loco
509 2046 575 2071 me
602 2032 789 2079 offendit.
814 2032 977 2085 quoties
1005 2033 1097 2085 lego
1118 2032 1288 2072 verba
1272 2049 1314 2073 ος
1333 2031 1523 2082 ὑπηρέτης
1546 2031 1606 2081 ἠν,

93 2089 144 2129 ὥς
165 2093 278 2138 φασι.
330 2088 439 2138 Quid
461 2088 569 2127 enim
585 2089 598 2128 ’Ξ
639 2088 904 2135 Haeccine,
888 2105 929 2129 ος
948 2088 1135 2139 ὑπηρέτης
1155 2104 1215 2137 ην,
1238 2087 1291 2127 ad
1313 2087 1609 2127 declarandum

91 2143 228 2183 locum
250 2143 411 2183 scribae
440 2143 658 2183 credamus
685 2144 881 2197 adjecta?
912 2143 974 2183 At
997 2143 1089 2196 quis
1114 2143 1354 2183 auditorum
1375 2142 1473 2182 olim
1494 2142 1609 2195 igno-

92 2212 187 2239 rare
216 2198 370 2252 potuit,
401 2199 654 2250 γραμματέως
684 2213 775 2239 esse
804 2200 1031 2249 ὑπηρεσίαν,
1065 2213 1147 2238 11011
1180 2198 1334 2250 ἀρχήνὲ
1374 2198 1423 2237 Id
1455 2198 1609 2238 scilicet

91 2254 268 2308 populus
290 2254 566 2294 Atheniensis
587 2255 797 2295 docendus
819 2255 910 2295 fuit.
954 2254 1114 2294 Verum
1134 2259 1182 2294 ut
1203 2253 1405 2307 ejusmodi
1427 2253 1610 2294 declara-

91 2310 251 2351 tionem
277 2310 374 2350 huic
402 2310 506 2360 loco,
530 2325 657 2364 quum
685 2311 736 2351 de
759 2310 907 2351 Siculis
928 2310 1053 2350 rebus
1080 2314 1245 2364 agatur,
1267 2309 1404 2349 minus
1431 2309 1608 2350 alienam

92 2371 227 2420 putes.
255 2366 344 2419 jam
374 2366 536 2406 edoceri
567 2366 731 2420 cupiam
767 2381 840 2406 cur
875 2381 968 2407 eam
1001 2370 1144 2406 orator
1176 2365 1324 2406 feccrit
1354 2365 1490 2405 verbis
1521 2370 1609 2406 tam

92 2421 258 2475 ineptis.
321 2421 440 2462 Talia
474 2427 571 2462 sunt
607 2436 706 2462 sane
747 2422 793 2464 ὃς
831 2422 1056 2473 ὑπηρέτης
1096 2422 1161 2471 ἦν.
1224 2421 1350 2461 Unde
1386 2421 1496 2461 enim
1531 2421 1609 2461 hoc

91 2482 258 2531 tempus
285 2477 586 2530 praeteritum?
619 2477 739 2517 Ferri
768 2477 811 2516 id
836 2477 981 2530 utique
1008 2482 1163 2530 posset,
1186 2477 1220 2516 si
1249 2476 1484 2530 scripsisset
1511 2477 1609 2527 ἥπερ

91 2535 284 2585 ὑπηρεσία
321 2534 418 2579 ἐστί,
455 2538 568 2573 certe
604 2533 665 2573 ita
705 2533 815 2573 ratio
857 2533 1019 2572 dicendi
1054 2536 1280 2573 constaret.
1342 2532 1436 2571 Non
1472 2532 1609 2571 minus

93 2593 234 2629 tamen
256 2587 430 2628 offendit
456 2588 568 2637 illud,
591 2590 646 2630 ὥς
672 2594 800 2639 φασι.
864 2590 947 2628 Est
968 2588 1077 2628 enim
1103 2589 1320 2635 absonum,
1343 2587 1377 2626 si
1397 2588 1451 2628 ad
1473 2592 1609 2628 totam

93 2645 348 2684 sententiam
367 2644 548 2690 referas;
577 2658 653 2684 nec
675 2644 807 2698 magis
827 2644 1054 2691 ferendum.
1078 2643 1207 2683 etiam
1228 2658 1303 2696 per
1322 2643 1434 2697 leges
1456 2657 1608 2683 sermo-

92 2700 169 2748 nis,
193 2700 226 2739 si
252 2700 308 2741 ad
328 2714 457 2739 unum
477 2714 627 2740 nomen
648 2699 917 2751 γραμματέως.
978 2699 1086 2739 Nam
1108 2699 1165 2739 sic
1186 2700 1358 2739 deberet
1380 2713 1468 2738 esse
1489 2716 1609 2750 γραμ-

92 2755 241 2806 ματέως
269 2757 394 2802 ὄντος,
418 2757 468 2797 ὥς
494 2762 607 2807 φασι.
668 2756 729 2795 At
758 2755 866 2795 ratio
888 2755 1093 2808 quaedam
1115 2755 1306 2795 videatur
1332 2754 1479 2794 adesse
1507 2755 1608 2794 sale—

92 2812 191 2852 bras
217 2811 294 2852 has
322 2826 465 2851 omnes
493 2812 774 2865 complanans,
804 2816 851 2851 ut
880 2816 975 2865 post
1004 2811 1118 2859 illud,
1140 2810 1205 2863 ὑφ’
1229 2811 1315 2851 ἑνὸς
1342 2811 1606 2862 γραμματέως,

94 2881 244 2907 novam
285 2868 494 2920 quandam
536 2868 815 2908 conditionem
856 2867 1034 2907 hominis
1075 2867 1208 2907 inesse
1249 2866 1366 2907 dicas
1405 2866 1609 2921 appositis

839 2938 865 2961 K
