1997 3256
324 155 408 196 720
742 152 1064 192 ADVERSUS
1100 151 1428 191 LEPTINEM.

380 254 481 306 506,
503 263 541 303 7.
563 252 683 291 ταύτὰ
704 251 833 304 λέγει]
859 251 991 291 scilic.
1014 257 1062 291 ut
1082 251 1193 291 tollit
1219 250 1527 290 immunitatem
1547 248 1662 303 prius
1683 249 1840 297 datam,

325 309 385 349 ita
407 313 522 348 vetat
543 307 633 347 dari
656 307 696 346 in
719 314 944 360 posterum.
979 307 1097 347 Conf.
1117 322 1157 360 p.
1179 319 1275 360 457,
1299 318 1361 360 15.
1395 305 1654 346 SCHAEF.

381 364 488 414 πλὴν
520 367 596 403 τῶν
632 363 698 414 ἀφ’
730 362 938 414 (Αρμοὸίου
974 363 1036 402 καὶ
1067 362 1423 415 Ἀριστογείτονος]
1468 361 1563 401 Hac
1598 360 1844 413 exceptione

326 420 419 459 vide
455 433 580 473 quam
612 419 758 459 callide
791 424 936 459 orator
967 423 1139 459 utatur:
1184 432 1280 458 nam
1313 418 1423 471 quod
1456 417 1550 457 inde
1582 416 1751 470 colligit.
1784 415 1845 455 ita

326 480 615 529 comparatum
655 480 719 515 est
752 480 800 515 ut
834 475 1038 528 Leptines
1074 488 1149 513 suo
1190 474 1268 513 sibi
1303 478 1552 528 argumento
1593 473 1841 512 confutetur.

328 531 466 583 Quare
488 531 632 572 statim
653 536 856 585 tanquam
878 530 955 570 sibi
976 530 1177 584 plaudens
1198 530 1317 569 addit
1342 534 1477 571 καλῶς.
1515 528 1765 569 SCHAEF.

381 589 478 641 506,
508 601 569 627 10.
591 588 775 641 τοιοῦτοι]
803 587 954 638 Quales
976 601 1124 640 nempe
1144 586 1312 626 fuerunt
1335 585 1593 626 Harmodius
1615 590 1657 624 et
1680 584 1845 624 Aristo-

325 644 457 698 giton.
491 643 686 683 REISK.

385 703 419 740 εἰ
441 702 488 740 τὰ
508 700 582 750 πρὸ
605 703 671 739 τοῦ
693 699 956 752 κατεμέμφου]
975 699 1023 739 Si
1043 698 1273 752 displicebat
1295 696 1367 738 tibi
1388 703 1479 736 ante
1500 696 1639 737 datam
1659 710 1732 736 esse
1753 710 1846 735 ozon-

326 756 450 796 mtlle's
471 756 773 805 immunitatem,
796 755 901 809 quod
919 755 987 795 hoc
1007 755 1105 794 dono
1132 754 1291 808 lnclz‘gmi
1317 753 1557 793 viderentur.
1591 752 1845 793 SCHAEF.

382 813 480 865 506,
509 826 570 851 11.
608 813 667 851 ὅτι
702 813 747 861 νὴ
781 813 858 852 Δία
895 829 927 850 κ.
951 829 986 850 τ.
1010 810 1069 864 λ.]
1105 810 1324 851 Sententia
1360 813 1452 849 est:
1494 809 1649 848 Procul
1681 809 1745 848 ais
1779 822 1847 848 nos

325 866 453 908 abesse
474 867 522 907 ab
551 868 625 908 illa*
648 868 821 908 luctuosa
848 868 1031 922 speffbm
1053 874 1098 907 ut
1125 867 1312 907 exsistant
1337 865 1468 919 aliqui
1487 865 1715 904 Harmodio
1735 865 1847 905 simi-

327 924 390 972 les,
413 924 485 977 φοί
510 938 577 964 nos
603 938 627 964 α
655 925 841 977 tyrannis
870 923 1042 963 liberent.
1105 924 1242 963 Simus
1269 923 1535 963 eninzz·er0—.
1561 920 1756 961 REISK.
1789 922 1847 960 ὅτι

326 979 507 1030 -ἐσμέυ
543 985 606 1021 051
647 981 841 1032 ὑποφορά,
878 979 1013 1019 indice
1055 980 1182 1020 etiam
1223 979 1400 1019 formula
1440 978 1482 1017 in
1519 978 1593 1018 tali
1636 978 1847 1017 schemate

327 1036 484 1076 solenni
517 1037 562 1085 νὴ
590 1037 694 1076 Δία;
728 1051 854 1090 quam
885 1036 1030 1076 statim
1061 1036 1250 1089 sequitur
1277 1037 1299 1086 ἡ
1327 1036 1595 1086 ἀνθυποφορὰ,
1627 1036 1687 1074 καὶ
1717 1034 1848 1084 εἴημέν

326 1092 433 1143 y'—.
481 1094 539 1131 At
568 1092 694 1132 hercle
724 1107 750 1131 a
781 1092 856 1132 tale?
886 1099 991 1132 metu
1021 1106 1125 1132 mmm
1156 1092 1262 1146 longa?
1292 1091 1487 1132 absumus.
1549 1091 1715 1130 Utinam
1746 1089 1846 1130 absc·-

328 1162 484 1187 mus—.
519 1148 769 1188 SCHAEF.

383 1205 479 1257 506,
513 1217 571 1257 ¹3·
595 1206 700 1244 ἀλλὰ
721 1204 796 1256 χρή
817 1204 1154 1257 γε-υεμεσγῇσαι]
1178 1205 1321 1245 citant
1348 1203 1509 1243 Anecd.
1534 1203 1667 1242 Bekk.
1692 1218 1731 1256 p.
1756 1204 1845 1255 158.

333 1272 396 1300 12.
459 1260 640 1300 Sensus:
681 1261 764 1300 Sed
799 1266 968 1314 oportet
1006 1274 1095 1310 1105,
1127 1275 1220 1300 cum
1254 1260 1443 1299 homines
1474 1259 1613 1307 simus,
1647 1264 1689 1299 et
1720 1259 1760 1298 in
1792 1259 1848 1297 10-

329 1316 493 1369 quendo
516 1322 557 1356 et
586 1316 627 1355 in
649 1317 810 1371 legibus
837 1316 1020 1357 ferendis
1047 1317 1190 1370 procul
1212 1317 1365 1356 habere
1395 1316 1644 1369 superbiam.
1668 1330 1719 1355 ne
1740 1315 1848 1355 forte

330 1386 406 1411 1105
429 1372 616 1412 Νο1110515
638 1373 873 1413 ulciscatur.
909 1373 1159 1412 SCHAEF.

385 1431 482 1481 506,
512 1442 572 1477 14.
596 1430 652 1470 οἶς
677 1430 806 1478 μηδεὶς
828 1430 875 1469 ἂι)
898 1429 1131 1482 νεμεσήσαι]
1162 1428 1228 1468 Ex
1251 1428 1379 1468 veteri
1402 1427 1699 1482 superstitione
1721 1428 1847 1467 bono-

329 1499 422 1524 rum
444 1484 645 1525 invidiosa
666 1485 926 1538 praedicatio
952 1484 1109 1524 homini
1131 1485 1381 1525 credebatur
1401 1484 1625 1529 fortunam,
1650 1499 1754 1537 quae
1776 1484 1848 1523 ad—

330 1546 451 1587 05501,
474 1555 622 1594 parum
644 1546 782 1581 tutam
810 1541 983 1581 reddere
1011 1545 1139 1594 atque
1161 1541 1266 1581 adeo
1295 1541 1467 1581 deorum
1498 1540 1602 1580 iram
1625 1541 1847 1580 concitare.

331 1596 466 1647 Quid?
498 1597 608 1650 quod
638 1601 716 1637 πᾶν
744 1600 851 1638 Θεῖον
880 1597 1076 1649 φθονερὸν
1102 1602 1317 1651 putarunt.
1348 1601 1395 1636 ut
1424 1612 1475 1636 cx
1506 1596 1726 1636 Herodoto
1754 1610 1848 1636 con-

330 1658 430 1693 stat.
492 1652 598 1692 Eam
626 1654 879 1693 sententiam
901 1653 1050 1706 aliquis
1072 1668 1203 1707 nuper
1225 1669 1274 1693 ex
1297 1653 1492 1693 instituto
1513 1652 1661 1692 misere
1683 1653 1848 1693 vexavit

329 1708 527 1763 singulari
564 1709 801 1762 scriptione.
837 1710 1029 1749 Solonem
1066 1715 1107 1750 et
1143 1710 1324 1763 reliquos
1359 1709 1517 1763 priscos
1552 1709 1765 1762 sapientes
1798 1723 1849 1749 ex

330 1765 485 1805 nostris
507 1765 683 1819 ingeniis
700 1766 904 1819 judicans.
939 1766 986 1805 F.
1011 1767 1064 1805 A.
1090 1766 1282 1806 WOLF.

387 1822 517 1871 μηδεὶς
539 1822 605 1875 ἂν]
632 1822 680 1861 ἂν
700 1824 830 1872 μηδεὶς
856 1822 1012 1861 Anecd.
1038 1822 1170 1861 Bekk.
1205 1821 1456 1863 SCHAEF.

387 1880 483 1930 506,
512 1890 575 1931 15.
612 1878 739 1918 πάντα
775 1878 804 1918 δ’
840 1879 1064 1929 ἀνθρώπινα
1103 1879 1300 1932 ἡγεῖσθαι]
1334 1878 1551 1918 Sententia
1584 1883 1674 1918 est:
1706 1885 1849 1918 sortem

329 1947 600 1988 quamcunque
624 1948 698 1973 ‘non
726 1934 902 1974 alienam
928 1934 977 1974 ab
1002 1948 1053 1977 eo,
1076 1936 1145 1988 qni
1170 1935 1277 1974 homo
1307 1935 1369 1980 sil.
1399 1935 1637 1974 existimare.
1699 1935 1849 1974 Potest

330 2003 438 2043 resp.
470 1996 615 2030 nostra
651 1990 692 2029 in
729 1991 930 2044 ejusmodi
963 1995 1155 2044 tempora
1192 1990 1385 2038 incidere,
1418 1991 1487 2030 ubi
1525 2005 1628 2044 opus
1665 1991 1719 2031 sit
1752 1990 1850 2030 viris

330 2045 495 2100 egregie
527 2047 578 2085 de
610 2060 652 2086 50
683 2047 940 2087 merentibus
970 2061 1101 2099 eoque
1138 2062 1311 2087 munera
1342 2047 1494 2087 eximia
1526 2047 1849 2100 postulantibus.

332 2101 526 2141 REISK.

387 2160 484 2210 506,
517 2160 575 2197 16.
604 2158 800 2213 ἤλπισαν]
826 2159 1006 2198 Omnino
1037 2160 1210 2209 ἐλπίζειι)
1239 2165 1302 2200 051
1331 2166 1562 2213 eoespeetare,
1587 2159 1695 2199 unde
1723 2159 1849 2199 inter·

332 2213 430 2252 dum
462 2214 643 2253 occurrit
674 2229 795 2254 sensu
828 2215 1008 2263 (immadi,
1035 2230 1141 2267 quae
1168 2221 1309 2256 tamen
1341 2216 1510 2269 propria
1537 2216 1597 2254 vis
1627 2215 1740 2255 verbi
1766 2230 1849 2256 non

330 2273 407 2308 est.
484 2269 534 2308 In
570 2270 679 2310 hunc
715 2271 885 2310 modum
921 2270 1100 2324 accipias.
1135 2287 1240 2325 quae
1277 2272 1506 2311 traduntur
1541 2272 1593 2311 ab
1629 2271 1762 2325 intpp.
1794 2272 1849 2312 ad

332 2324 536 2365 Thomam
560 2326 620 2365 M.
642 2341 681 2379 p.
707 2339 801 2380 299·
835 2327 883 2366 F.
909 2328 963 2366 A.
990 2328 1185 2367 WOLF.
1249 2327 1316 2367 Sic
1340 2330 1500 2369 ἐλπίδας
1521 2343 1561 2381 p.
1585 2329 1680 2381 638,
1710 2341 1771 2381 25.

389 2382 442 2422 εἰς
473 2385 631 2421 τοιαῦτα
661 2382 887 2435 πράγματα]
916 2383 971 2422 In
1003 2384 1118 2424 talem
1138 2386 1366 2437 fortunam.
1397 2384 1518 2424 scilic.
1549 2398 1718 2438 quacum
1747 2399 1852 2425 manc

331 2437 620 2489 conflictantur.
683 2439 883 2479 Similiter
903 2439 1001 2479 alibi
1025 2441 1166 2481 ἐκεῖνα.
1217 2440 1335 2480 Conf.
1359 2440 1412 2480 ad
1433 2456 1473 2494 p.
1494 2443 1594 2494 469,
1619 2454 1683 2491 24.
1720 2440 1768 2480 F.
1792 2441 1845 2480 A.

332 2492 529 2533 WOLF.

386 2551 483 2600 506,
512 2562 574 2600 17.
611 2551 700 2591 οὐδέ
736 2550 771 2601 γ’
804 2552 1232 2607 ἴσως-πραττόμενοι]
1273 2552 1419 2593 Citant
1451 2553 1610 2592 AneOd.
1643 2552 1775 2593 Bekk.
1808 2568 1847 2606 p.

336 2607 426 2652 162,
450 2608 488 2644 6.
522 2605 773 2646 SOHAEF.

387 2661 430 2699 τὸ
461 2661 584 2702 πάλαι
615 2663 983 2717 δημοκρατούμενοι]
1014 2663 1173 2717 Nempe
1200 2678 1275 2717 per
1305 2665 1358 2704 60
1386 2665 1471 2704 fere
1498 2679 1641 2711 11111105,
1672 2664 1767 2703 inde
1795 2666 1848 2704 ab

332 2715 494 2770 Olymp.
516 2719 579 2770 78,
599 2731 650 2771 3.‚
670 2733 751 2771 quo
773 2733 882 2758 anno
905 2719 1189 2773 antiquiorum
1211 2726 1485 2773 tyrannorum
1506 2721 1691 2769 ultimus,
1718 2720 1849 2760 Thra-

331 2772 515 2824 sybulus,
544 2788 674 2827 regno
701 2775 888 2828 privatus
917 2780 993 2815 est.
1057 2776 1165 2816 Nam
1194 2776 1307 2830 prior
1335 2776 1574 2829 Dionysius,
1604 2776 1673 2830 qui
1702 2777 1849 2816 stat-ini

330 2834 599 2877 memoratur,
632 2831 792 2883 potitus
823 2845 952 2885 regno
984 2837 1048 2872 est
1080 2832 1242 2885 Olylnp.
1274 2845 1339 2885 93,
1365 2847 1405 2883 4.
1444 2832 1542 2872 Vid.
1576 2833 1750 2872 Diodor.
1786 2846 1846 2872 11.

332 2884 400 2922 68.
435 2889 479 2924 et
514 2898 575 2939 13.
609 2889 675 2938 96.
740 2887 913 2940 Reliqua
951 2887 1002 2927 de
1039 2887 1212 2941 imperio
1255 2886 1611 2941 Syracusanorum
1646 2888 1848 2930 latissime
