1997 3256
467 137 529 177 IN
561 137 917 177 ORATIONEM
954 136 1323 177 LEPTINEAM.
1568 139 1652 179 599

138 241 304 290 addam,
330 241 372 280 in
396 241 507 295 quod
531 245 750 294 praeterea
777 241 943 281 lectoris
971 241 1153 281 animum
1183 240 1340 281 intendi
1373 240 1504 287 velim,
1533 240 1650 279 uber·
1665 241 1719 279 47

138 302 272 337 tatem
307 302 351 336 et
391 297 550 350 copiam
592 311 743 343 rerum,
782 312 864 349 qua
899 297 1203 337 Demosthenes
1244 297 1321 336 hoc
1358 300 1650 349 argumentum

138 367 258 392 suum
283 352 486 400 dilatavit,
507 352 549 390 in
575 352 743 392 intimos
767 353 883 406 quasi
910 367 1094 392 recessus
1122 352 1323 392 materiae
1349 351 1647 399 descendendo,

137 408 239 448 nihil
269 412 423 456 tamen,
456 408 568 461 quod
599 408 660 447 vel
691 408 869 448 alienum
899 414 1022 456 esset,
1056 408 1117 447 vel
1148 423 1169 447 e
1199 408 1424 461 longinquo
1455 407 1646 460 petitum,

137 464 365 518 sophistica
395 469 487 504 arte
517 464 773 513 inculcando,
804 464 995 503 omnibus
1026 478 1135 511 vero,
1166 478 1272 516 quae
1303 478 1388 502 reni
1420 463 1649 503 clarissima

135 520 224 559 luce
261 520 592 560 circumfundere
627 525 669 559 et
698 520 859 582 judices
891 520 933 559 in
967 534 1090 572 quam
1127 519 1247 558 vellet
1284 528 1449 571 partem
1484 533 1648 558 movere

134 580 320 638 possent,
361 576 611 629 occupmdis
652 580 694 615 et
730 575 772 614 in
810 590 929 614 usum
970 589 1089 613 suum
1131 574 1446 613 conxeltendis:
1492 574 1562 622 ita,
1600 580 1646 614 ut
1663 574 1716 611 48

135 631 286 670 mirum
326 632 391 679 sit,
433 632 532 685 quid
572 632 622 671 de
659 631 804 670 iisdem
844 631 967 670 rebus
1006 630 1204 669 Phormio
1245 629 1449 671 attulerit
1492 629 1523 668 si
1566 629 1647 669 ista

135 687 274 727 omnia
306 687 579 727 Demostheni
609 687 775 739 leliquit
812 686 998 733 dicenda,
1033 700 1158 739 quum
1192 685 1256 723 hic
1290 684 1441 724 nemini
1475 690 1570 737 post
1604 699 1647 724 se

134 742 299 782 dicturo
321 743 547 796 quidquam
568 742 782 795 reliquisse
804 741 1008 781 videatm.

192 798 271 838 Est·
301 799 411 838 enim
442 800 543 838 haec
575 797 724 838 Oratio
758 812 809 837 ex
839 811 990 851 genere
1022 800 1340 847 δευτερολογιῶυ,
1371 800 1415 836 ct
1445 796 1490 843 is,
1523 810 1645 849 quem

132 855 256 894 modo
301 855 520 902 nominavi,
570 853 766 892 Phormio
813 853 950 906 priore
995 853 1084 892 loco
1130 852 1254 891 verba
1298 852 1455 891 fecerat
1470 860 1500 890 Ρ.
1582 852 1645 891 Illi

131 910 283 963 generi,
327 925 372 950 re
412 910 502 963 ipsa
542 910 728 963 jubente,
773 923 933 948 Sunlnla·
974 908 1158 947 brevitas
1199 907 1414 961 proposita
1455 911 1558 954 erat,
1603 913 1646 948 et

131 979 440 1019 nonnunquam,
470 965 503 1005 si
536 965 626 1018 quis
650 979 738 1004 rem
765 979 791 1004 a
818 964 1035 1003 decessore
1060 978 1134 1002 suo
1164 964 1217 1003 ab
1246 963 1356 1003 omni
1387 968 1507 1016 parte
1536 963 1645 1002 illus-

131 1025 289 1062 tratam
314 1026 496 1075 putaret,
520 1021 631 1060 nudo
658 1020 819 1074 epilogo
840 1020 1157 1074 defungebatur.
1219 1019 1457 1072 Cujusmodi
1486 1019 1644 1072 aliquot

132 1076 428 1118 Oratiunculae
455 1077 567 1131 apud
591 1076 757 1130 Lysiam
782 1080 991 1115 exstanti:
1043 1075 1296 1128 Quanquam
1318 1075 1358 1114 in
1385 1075 1644 1128 gravioribus

131 1133 288 1173 caussis
329 1133 457 1174 etiam
499 1133 600 1173 satis
642 1133 790 1186 longae
832 1131 1055 1172 Orationes
1096 1132 1276 1171 secundo
1312 1135 1355 1170 et
1390 1131 1518 1171 tertio
1554 1131 1643 1170 loco

130 1188 426 1237 afferebantur,
469 1189 601 1243 qualis
642 1188 785 1228 Nostri
827 1195 891 1227 est
927 1193 1074 1227 contra
1115 1187 1421 1227 Androtionem
1459 1191 1501 1226 et
1541 1187 1643 1226 haec

134 1244 349 1298 Leptinea.
412 1246 473 1286 At
508 1246 548 1284 in
585 1245 739 1286 talibus
776 1244 841 1283 vix
882 1243 1021 1297 potuit
1055 1243 1157 1291 fieri,
1191 1243 1290 1296 quin
1325 1256 1448 1296 saepe
1484 1243 1640 1290 eadem,

132 1315 238 1353 quae
283 1302 630 1353 πρωταγωνιστηςι
674 1300 861 1348 dixisset,
910 1304 1212 1353 lepeterentui,
1260 1299 1435 1338 mutatis
1476 1303 1642 1338 tantuin

131 1357 278 1405 verbis
314 1357 458 1397 ordine
489 1362 841 1411 ar'gumentonun,
874 1355 965 1395 aliis
996 1355 1038 1394 id
1068 1369 1212 1409 genus.
1275 1354 1402 1407 Cujus
1434 1354 1491 1393 rei
1522 1355 1642 1408 culpa
1657 1358 1710 1399 49

130 1412 280 1476 aliqua,
312 1413 345 1452 si
373 1414 475 1454 haec
506 1413 628 1466 culpa
658 1412 832 1452 dicenda
865 1418 940 1458 est,
976 1425 1026 1450 ne
1061 1411 1168 1451 hanc
1200 1410 1366 1464 quidem
1398 1409 1643 1450 Oiationem

130 1469 323 1517 caruisse,
365 1483 416 1509 ex
458 1469 724 1523 Hermogene
765 1467 938 1521 intelligi
979 1467 1112 1506 licetS
1175 1466 1314 1518 Quid.
1306 1468 1317 1487 ⁹
1359 1466 1469 1520 quod
1503 1466 1544 1505 in
1581 1480 1640 1515 ea,

919 1606 1128 1645 διεξήλθομεν.
1161 1607 1245 1636 Hinc
1261 1607 1361 1636 obiter
1376 1607 1536 1644 discimus,
1556 1606 1639 1637 Rhe-

919 1656 1018 1680 torem
1040 1651 1203 1689 proprium
1225 1650 1373 1688 quiddam
1397 1649 1429 1677 in
1452 1649 1534 1679 hanc
1557 1648 1640 1678 Ora-

920 1693 1048 1729 tionem,
1073 1693 1203 1722 fortasse
1223 1692 1484 1722 commentarium
1510 1691 1642 1721 rhetori-

920 1745 1002 1772 011111,
1030 1735 1195 1774 scripsisse.
1244 1736 1303 1764 Sed
1331 1735 1368 1762 ad
1396 1733 1449 1762 illa
1477 1735 1582 1771 verba,
1609 1734 1642 1763 ἐν

919 1779 961 1817 τῇ
991 1779 1132 1817 δικανικῆ
1164 1774 1239 1816 ἰδέᾳ,
1267 1777 1309 1806 ita
1342 1777 1474 1814 Gmgor.
1507 1776 1578 1805 Cor.
1608 1777 1640 1805 in

924 1809 1139 1858 lixplicatione
1169 1819 1320 1857 Hei-mog.
1350 1829 1379 1857 p.
1410 1819 1482 1858 938.
1510 1819 1642 1857 Ἀπορῆ-

920 1861 973 1891 σαί
992 1874 1044 1898 μοι
1063 1861 1215 1901 πρότερον
1236 1860 1347 1897 ἔπεισι,
1370 1862 1434 1890 πῶς
1455 1858 1641 1899 προθέμενος

129 1619 204 1639 cave
234 1616 338 1639 tamen
370 1611 486 1647 credas,
518 1610 594 1639 alios
624 1609 728 1644 fuisse,
756 1619 850 1647 quaxn

130 1652 206 1681 illos.
254 1652 408 1682 Videlicet
425 1652 481 1682 hoe
502 1659 549 1682 est
564 1658 670 1682 vetera
689 1662 771 1681 novo
787 1661 853 1680 mo-

129 1695 169 1724 do
184 1704 325 1724 narrare.

172 1741 190 1764 D
207 1736 330 1774 Quater
348 1736 399 1767 ille
417 1747 435 1766 a
453 1737 570 1767 Nostro
588 1743 853 1766 commemoratur

130 1779 162 1808 in
191 1779 283 1810 Orat.
311 1790 340 1818 p.
365 1789 440 1818 472,
462 1788 507 1809 12.
536 1779 610 1817 483,
634 1778 679 1808 16.
709 1779 781 1817 487,
802 1788 839 1816 23,

130 1831 203 1859 505,
223 1822 272 1851 28.

172 1870 190 1892 q
214 1864 289 1893 vid.
316 1864 430 1904 Lysiae
454 1863 623 1894 Orationes
652 1864 696 1893 18.
724 1873 772 1892 21.
801 1872 851 1900 zJ.

130 1906 179 1935 28.
208 1916 257 1945 29.
281 1916 320 1936 ex
343 1907 453 1936 ordine
478 1905 617 1946 Taylori.
652 1906 743 1936 Conf.
770 1906 852 1935 Her-

128 1959 211 1987 mog.
240 1949 308 1987 περὶ
335 1951 398 1978 τῶν
424 1948 569 1978 στάσεων
594 1959 620 1978 0.
638 1957 666 1986 5.
695 1959 724 1987 p.
745 1957 792 1987 30.
819 1955 849 1977 et

127 1991 196 2029 περὶ
227 1991 355 2028 μεθόδου
386 1989 497 2020 δεινότ.
525 2002 549 2020 c.
573 2000 623 2029 27.
649 2001 677 2029 p.
699 1999 772 2028 554.
800 1991 849 2019 ed.

129 2033 282 2063 Laurent.
310 2043 381 2063 cum
410 2034 542 2071 Gregor.
569 2034 641 2063 Cor.
670 2034 847 2062 Comment.

127 2086 156 2114 p.
175 2086 248 2114 944.
280 2075 408 2113 Ulpian.
426 2077 465 2104 ad
484 2077 572 2105 Orat.
591 2082 716 2105 nostrae
735 2075 804 2105 init.

170 2123 183 2139 Γ
200 2118 322 2148 Scilicet
344 2118 473 2147 nomina
490 2117 763 2156 πρωταγωνιστής,
783 2119 848 2147 δευ-

126 2159 367 2198 τεραγωνιστής,
385 2159 643 2199 τριταγωνιστής,
663 2171 723 2190 usu
746 2170 764 2189 a
785 2170 846 2189 sce-

126 2213 169 2232 na
199 2204 303 2239 duem,
334 2203 486 2232 dicuntur
516 2203 554 2232 de
587 2203 763 2232 oratoribus
793 2212 847 2231 seu

125 2245 314 2282 caussidicis,
341 2245 393 2283 qui
419 2255 451 2275 se
473 2245 505 2274 in
533 2246 642 2275 eadem
667 2255 776 2275 caussa
800 2245 847 2273 di-

125 2289 224 2317 cendo
260 2288 423 2325 excipiunt
460 2294 491 2317 et
523 2288 687 2326 adjuvant.
747 2287 847 2316 Simili

126 2329 331 2360 translatione
353 2329 461 2359 Latini
484 2340 608 2369 quoque
630 2330 790 2360 interdum
813 2340 848 2358 u-

126 2378 251 2409 tuntur,
271 2382 370 2410 quum
392 2372 501 2402 dicunt
523 2378 640 2401 actores
660 2373 848 2411 primarum,

124 2416 344 2449 secandarum,
365 2416 529 2444 tertiarum
543 2418 694 2453 partium.

169 2461 182 2478 S
207 2456 281 2496 Περὶ
308 2459 376 2493 μεθ.
406 2458 479 2486 δειν.
508 2467 534 2486 ο.
560 2466 611 2493 24.
636 2467 663 2496 p.
691 2464 762 2495 551.
793 2457 845 2485 ubi

125 2500 314 2536 ostenditur,
333 2499 446 2538 quibus
465 2499 566 2529 modis
582 2499 702 2529 Orator
721 2500 759 2527 ab
778 2499 847 2529 aliis

125 2548 200 2572 ante
220 2552 252 2572 se
272 2541 355 2571 dicta
378 2543 517 2580 proferre
539 2541 633 2579 possit
654 2541 721 2571 sine
744 2541 845 2570 offen-

125 2584 234 2614 sione:
264 2584 318 2613 Ἐν
340 2585 381 2623 τῇ
408 2585 548 2623 δικανικῇ
576 2581 640 2622 ἷδέᾳ
667 2583 715 2612 καὶ
743 2582 762 2618 ἦ
789 2584 846 2618 τῆς

125 2624 239 2664 τάξεως
259 2625 425 2663 μεταβολὴ
441 2625 548 2664 χώραν
565 2625 644 2663 ἔχει,
663 2625 767 2664 ὥσπερ
785 2629 846 2661 Δη-

124 2667 279 2705 μοσθένης
303 2668 450 2704 ἐποίησεν
475 2669 512 2697 ἐν
535 2669 583 2705 τῷ
610 2667 695 2706 περὶ
719 2668 787 2701 τῆς
811 2667 844 2696 ᾰ-

124 2710 287 2741 τελείας.
333 2710 507 2750 Φορμίωνος
525 2710 585 2749 γὰρ
605 2708 843 2749 προκατηγορὴ-

125 2764 240 2784 σαντος
265 2754 323 2782 τοῦ
351 2753 445 2790 νόμου
471 2753 520 2782 καὶ
552 2750 753 2791 χρησαμένου
780 2753 845 2782 τοῖς

125 2795 306 2834 κεφαλαίοις
322 2797 378 2831 τῆς
397 2793 648 2834 διαιρέσεως,τῷ
667 2794 782 2832 δικαίῳ,
801 2796 845 2831 τῷ

125 2835 328 2888 συμφέροντι,
344 2839 389 2876 τῷ
410 2839 508 2876 καλῷ,
531 2839 575 2874 τῷ
596 2839 653 2873 τῆς
675 2836 768 2875 ἀξίας,
791 2837 844 2866 ἆν-

126 2877 258 2920 έστρεψε
281 2880 340 2916 τὴν
362 2879 449 2918 τάξιν
471 2880 671 2917 μεταβαλών.
720 2881 788 2910 Πῶς
812 2878 843 2908 δὲ

125 2923 220 2952 τοῦτο
245 2922 403 2958 ἐποίησεν,
430 2935 463 2952 εν
486 2934 550 2952 τοις
575 2922 643 2961 περι
667 2923 722 2952 τοῦ
746 2921 845 2960 λόγου

919 1905 935 1933 ὁ
963 1904 1110 1942 τεχνικὸς
1137 1902 1262 1941 διδάξαι,
1291 1902 1339 1932 ὅτι
1367 1903 1400 1932 ἐν
1426 1904 1471 1940 τῷ
1498 1904 1641 1941 δικανικῷ

918 1945 1118 1976 ἀλλάσσεται
1135 1945 1215 1976 καὶ
1201 1958 1220 1981 η
1237 1944 1331 1983 τάξις,
1349 1943 1543 1984 παράδειγμα
1561 1945 1639 1982 ἤγα

917 2000 954 2027 γε
972 1989 1038 2018 τὸν
1059 1989 1141 2026 περὶ
1164 1987 1340 2017 ἀτελείας
1361 1986 1488 2026 λόγον·
1508 1988 1641 2023 εὔδηλον

917 2031 989 2083 γὰρ,
1023 2031 1071 2060 ὅτι
1110 2031 1167 2060 ὑπὸ
1202 2030 1261 2066 την
1297 2028 1518 2069 πραγματικην
1549 2028 1640 2060 οὗτος

917 2071 1078 2112 ἀνάγεται
1117 2073 1135 2109 ἦ
1170 2072 1202 2102 δὲ
1240 2072 1440 2111 πραγματικὴ
1479 2073 1545 2102 τοῖς
1583 2074 1640 2102 τοῦ

918 2116 1189 2153 συμβουλευτικοῦ
1213 2113 1395 2154 κεφαλαίοις
1418 2112 1564 2151 τέμνεται
1589 2116 1638 2144 και

917 2158 975 2187 ὑπὸ
1004 2159 1041 2188 τὸ
1073 2157 1342 2196 συμβουλευτικὸν
1373 2156 1452 2187 εἶδος
1489 2155 1639 2195 ἀνάγεται-

915 2199 994 2237 μόνη
1019 2203 1082 2230 τῶν
1105 2200 1212 2230 ἄλλων
1237 2198 1382 2229 στάσεων
1405 2201 1567 2229 δικανικῶν
1590 2200 1640 2228 οὐ-

917 2245 990 2273 σῶν.
1045 2243 1158 2273 ’Έστιν
1193 2241 1246 2272 οὖν
1277 2241 1382 2280 εἰπεῖν,
1413 2242 1461 2272 ὅτι
1491 2241 1552 2271 ἀπὸ
1582 2243 1639 2272 τοῦ

916 2286 1036 2315 σκοποῦ
1055 2284 1185 2324 λέγεται
1207 2283 1371 2315 δικανικός·
1397 2285 1463 2314 ἐπεὶ
1482 2284 1542 2324 γὰρ
1561 2295 1636 2314 σκο-

914 2328 974 2358 πὸν
994 2328 1062 2367 ἔχει
1081 2329 1296 2367 κατηγορῆσαι
1312 2328 1368 2356 τοῦ
1389 2325 1482 2364 νόμου
1501 2328 1558 2356 τοῦ
1580 2327 1637 2357 ὑπὸ

914 2370 1068 2400 Λεπτίνου
1089 2369 1246 2407 τεθέντος,
1263 2369 1282 2405 ἡ
1301 2368 1334 2399 δὲ
1355 2368 1527 2408 κατηγορία
1545 2367 1636 2409 μέρος

915 2413 985 2443 ἐστὶ
1001 2415 1058 2443 τοῦ
1074 2414 1240 2448 δικανικοῦ,
1259 2412 1307 2442 διὰ
1325 2413 1420 2441 τοῦτο
1440 2411 1569 2449 λέγεται
1587 2412 1636 2442 καὶ

914 2456 1066 2487 δικανικὸς
1097 2457 1112 2485 ὃ
1144 2454 1252 2493 λόγος,
1280 2453 1306 2484 εἷ
1337 2454 1386 2484 καὶ
1414 2454 1432 2490 ἡ
1463 2454 1636 2494 κατηγορία

913 2499 978 2528 τοῖς
1001 2499 1058 2528 τοῦ
1082 2498 1353 2536 συμβουλευτικοῦ
1377 2495 1558 2535 κεφαλαίοις
1581 2509 1634 2526 κα-

912 2539 1149 2577 τασκευάζεται·
1179 2541 1195 2569 ὃ
1223 2538 1255 2569 δὲ
1285 2539 1424 2578 Φορμίων
1453 2538 1556 2577 ῥήτωρ
1586 2537 1633 2575 ἣν,

913 2582 962 2611 καὶ
984 2581 1185 2621 κατηγόρησε
1207 2581 1256 2611 καὶ
1279 2580 1369 2611 οὗτος
1388 2582 1444 2610 τοῦ
1465 2582 1559 2617 νόμου
1577 2582 1634 2609 τοῦ

913 2624 1077 2660 Λεπτίνου,
1103 2625 1284 2662 συνηγορῶν
1308 2625 1353 2660 τῷ
1377 2622 1555 2662 Ἀφεψίωνι,
1582 2623 1637 2661 υἱῷ

914 2666 1080 2703 Βαθίππου,
1111 2668 1167 2695 τοῦ
1204 2664 1541 2704 προκατηγορήσαντος
1578 2667 1635 2695 τοῦ

914 2708 1007 2743 νόμου
1029 2709 1078 2738 καὶ
1095 2709 1153 2748 πρὸ
1173 2710 1230 2737 τοῦ
1244 2705 1356 2737 τέλους
1372 2708 1428 2742 τῆς
1449 2706 1535 2743 δίκης
1556 2707 1632 2738 ἆπο-

914 2751 1070 2781 θανόντος.
1119 2749 1328 2789 Κατηγόρησε
1355 2748 1387 2778 δὲ
1415 2749 1464 2779 καὶ
1493 2749 1632 2785 Κτήσιπ-

913 2805 980 2829 mm
1010 2794 1072 2823 urbs
1103 2794 1252 2832 Χαβρίου,
1280 2796 1302 2830 ᾡ
1335 2790 1500 2831 συνηγόρει
1528 2797 1632 2828 Δημο-

914 2834 1036 2871 σθενης
1083 2837 1118 2865 Ἡ
1140 2834 1172 2864 δὲ
1195 2833 1322 2872 ζήτησίς
1344 2835 1412 2863 ἐστι
1433 2834 1632 2873 πραγματικη

914 2878 1080 2918 ἔγγραφος.
1127 2879 1163 2907 Ὀ
1187 2876 1244 2914 μὲν
1271 2876 1325 2906 οὖν
1348 2876 1485 2914 Φορμίων
1511 2879 1634 2916 πρῶτον

913 2923 956 2958 τῷ
987 2920 1090 2959 δικαίῳ
1123 2920 1293 2959 ἐχρήσατο·
1327 2920 1343 2948 ὁ
1370 2918 1402 2948 δὲ
1430 2917 1632 2956 Δημοσθένης
