1997 3256
278 140 360 180 682
693 136 1014 178 ADVERSUS
1049 135 1372 176 LEPTINEM.

277 246 362 285 fere
392 244 433 284 in
464 244 563 283 illud
593 242 738 282 foedus
773 244 1065 289 convenerant,
1098 244 1240 280 tamen
1272 236 1564 292 Peloponnesii
1595 241 1643 276 ut⁴
1677 250 1791 276 acce-

279 301 427 340 derent
463 298 613 339 adduci
650 311 692 337 se
727 296 840 350 passi
875 310 959 335 non
995 300 1103 335 sunt.
1165 295 1277 334 Hinc
1310 294 1454 347 explic.
1487 293 1582 344 πρὸς
1619 293 1793 333 ἅπαντας

279 356 641 403 Πελοποννησίους.
705 353 810 391 111οΧ
837 353 878 391 ἐν
907 351 1075 400 Θήβαις,
1101 351 1159 390 ad
1187 349 1347 390 Thebas.
1408 349 1606 401 Sequitur
1634 349 1792 400 Gorgo-

278 425 365 464 pas,
403 407 767 456 Lacedaemonius,
807 407 1036 447 ἐπιστολεὺς
1071 405 1273 445 nauarchi
1309 404 1518 451 Hieracis,
1555 418 1581 444 a
1613 416 1695 456 quo
1730 416 1792 441 re-

277 466 399 505 lictus
425 470 516 505 erat
537 464 738 517 Aeginae.
801 462 884 502 Sed
907 461 1060 515 legitur
1081 461 1158 500 hoc
1182 461 1293 513 apud
1314 474 1442 499 unum
1464 459 1793 512 Xenophontem

280 521 443 560 Hellen.
467 534 506 572 5,
536 533 567 568 1,
591 532 626 571 5ι
648 533 762 571 seqq.
826 517 917 568 Quo
945 531 997 556 ex
1024 517 1139 556 fonte
1167 515 1327 555 correxi
1360 514 1544 555 scholion
1572 513 1794 564 Στρατηγὸς

277 577 325 626 ἦν
356 576 684 625 Λακεδαιμονίων,
718 575 764 613 ὅν
799 574 940 612 κτείνει
972 574 1151 623 Χαβρίας
1185 573 1227 611 ἐν
1258 572 1408 621 Αἰγίνῃ,
1443 571 1566 610 ἀπιὼν
1597 572 1793 618 βοηθῆσαι

279 633 473 684 Εὐαγόρᾳ.
505 631 561 671 sic
583 630 704 683 vulgo
724 629 877 669 lectum
895 645 902 667 ε
936 627 1159 678 Στρατηγὸς
1178 627 1227 676 ἣν
1249 628 1452 676 Θηβαίων·
1485 625 1530 664 ὃν
1551 626 1691 664 κτείνει
1713 628 1793 663 Χα-

277 688 391 738 βρίας
423 689 466 726 ἐν
492 687 632 740 Αἰγίνῃ
663 686 828 724 ἀπιόντα
857 686 1053 733 βοηθῆσαι
1086 683 1277 735 Εὐαγόρᾳ.
1339 681 1447 721 Dein
1473 682 1549 720 ὅσα
1581 681 1624 719 ἐν
1653 681 1792 732 Κύπρῳ

277 744 442 793 τρόπαια
471 743 626 791 ἔστησε,
650 740 805 780 scilicet
828 740 1050 792 Euagorae
1078 738 1297 777 Persarum
1324 736 1451 776 armis
1472 735 1609 788 petito
1630 734 1792 787 publice

277 798 320 836 in
341 797 539 837 auxilium
559 796 707 835 missus
731 794 933 836 Chabrias
956 793 1050 834 circ.
1076 793 1238 846 Olymp.
1259 804 1324 844 97,
1343 805 1381 845 3.
1416 791 1513 831 Vid.
1532 790 1704 830 Diodor.
1728 804 1792 841 14,

278 853 345 905 98.
369 858 410 893 et
438 852 600 893 Cornel.
626 851 729 904 Nep.
755 850 907 891 Chabr.
934 864 967 889 c.
992 861 1029 888 2.
1055 851 1152 899 μετὰ
1178 851 1298 889 ταῦτα
1326 850 1368 887 ἐν
1392 848 1587 899 Αἰγύπτῳ,
1609 859 1689 898 quo
1718 860 1794 885 sua,

278 913 427 961 sponte
457 912 643 955 venerat,
675 911 722 946 ut
752 906 961 959 privatam
991 919 1161 958 operam
1192 903 1412 957 Aegyptiis
1443 906 1628 948 navaret,
1658 900 1793 954 primo

280 964 442 1017 Olymp.
470 976 560 1011 100,
592 977 645 1011 4.,
667 962 821 1002 iterum
848 974 936 1009 104,
960 974 999 1014 3.
1061 959 1159 999 Vid.
1193 959 1366 998 Diodor.
1396 969 1455 1011 15,
1481 970 1546 1011 29.
1577 961 1620 996 et
1652 969 1719 1008 92.
1751 961 1793 996 et

280 1019 443 1059 Cernel.
470 1019 496 1058 l.
521 1033 554 1058 0.
594 1018 641 1057 F.
667 1019 719 1056 A.
745 1016 936 1056 WOLF.
999 1015 1155 1055 Reiskii
1196 1013 1489 1067 interpretatio
1524 1012 1635 1052 nullo
1669 1012 1793 1051 modo

277 1075 462 1114 ferenda.
525 1073 714 1112 Primum
744 1072 853 1112 enim
885 1076 1041 1118 orator,
1071 1070 1103 1109 si
1135 1071 1219 1110 tale
1248 1070 1347 1122 quid
1377 1068 1588 1114 voluisset,
1620 1068 1705 1107 fere
1736 1067 1794 1106 sic

279 1129 509 1182 scripturus
529 1134 622 1168 erat
641 1145 649 1167 z
683 1128 729 1167 ὃν
753 1130 826 1177 μὲν
847 1128 915 1166 οὖν
936 1129 1080 1177 τρόπον
1100 1127 1196 1175 ὑμᾶς
1221 1126 1384 1177 ἔχοντας
1405 1125 1580 1175 ἄγων-.
1632 1123 1793 1162 Deinde

279 1185 325 1224 ὃν
360 1186 504 1235 τρόπον
538 1183 797 1237 jungendum
838 1196 925 1221 esse
961 1182 1087 1220 verbo
1122 1180 1363 1231 παρετάξατο
1404 1179 1506 1219 satis
1546 1179 1697 1218 docent
1734 1193 1794 1218 se-

279 1240 463 1292 quentia,
492 1241 542 1280 ὡς
569 1239 797 1279 ἀπέκτεινεν
825 1242 867 1277 et
895 1239 971 1276 ὅσα
998 1237 1164 1287 τρόπαια
1193 1236 1373 1284 ἔστησεν.
1435 1235 1517 1274 Sed
1547 1248 1631 1274 non
1660 1233 1794 1287 magis

279 1295 497 1348 probanda
532 1293 827 1347 interpretatio
865 1291 1106 1332 Marklandi
1142 1291 1202 1328 W
1205 1290 1370 1343 olfiique
1406 1289 1566 1343 ellipsin
1607 1289 1795 1329 vocabuli

278 1352 421 1401 μόνους
456 1350 713 1404 fingentium,
749 1363 874 1402 quam
908 1347 1057 1387 nullius
1092 1346 1257 1400 linguae
1291 1345 1401 1386 ratio
1436 1345 1610 1398 patitur.
1671 1344 1796 1384 Adde

281 1407 391 1459 quod
413 1408 509 1456 ὑμᾶς
538 1407 640 1457 ἔχων
660 1405 737 1444 1100
766 1418 887 1444 sensu
914 1403 1170 1442 intellectum
1190 1406 1395 1455 repugnat
1417 1400 1514 1440 fidei
1541 1399 1766 1440 historicae
1785 1416 1793 1439 :

280 1466 328 1501 ut
349 1462 426 1514 ipsi
451 1461 608 1500 Wolfio
629 1461 821 1500 videatur
841 1459 973 1513 magis
999 1458 1181 1498 oratorie
1204 1458 1361 1496 dictum
1383 1471 1508 1510 quam
1530 1470 1579 1496 ex
1602 1455 1793 1495 veritate.

281 1517 391 1567 Quid
421 1517 507 1556 11.1.
539 1517 676 1556 valeat
705 1517 801 1565 ὑμᾶς
833 1516 950 1566 ἔχων,
981 1528 1063 1553 11011
1100 1512 1325 1561 dubitabis,
1359 1512 1392 1551 si
1429 1511 1654 1552 contuleris
1685 1511 1797 1564 quod

274 1577 419 1612 Orator
447 1572 554 1612 (lixit
583 1572 632 1611 de
662 1571 830 1612 Conone
855 1585 894 1623 p.
917 1580 1012 1621 477,
1037 1571 1098 1608 18.
1127 1568 1214 1620 παρ’
1236 1570 1342 1619 ὑμῶν
1369 1567 1444 1607 οὐδ’
1467 1569 1649 1617 ἡντινοῦν
1676 1568 1796 1617 ἀφορ-

276 1629 352 1678 μὴν
372 1629 512 1678 λαβὼν
538 1626 861 1678 κατεναυμάχησε
882 1626 1220 1674 Λακεδαιμονίους.
1283 1623 1449 1663 Scilicet
1472 1622 1676 1663 Chabrias
1703 1636 1797 1661 cum

278 1684 446 1724 Conone
467 1683 524 1722 sic
550 1683 778 1730 confertur,
800 1685 847 1721 ut
874 1681 1090 1734 aliquanto
1111 1680 1203 1732 plus
1225 1679 1359 1719 laudis
1387 1683 1589 1732 reportet.
1652 1677 1796 1718 Conon

278 1738 377 1778 vicit
401 1737 752 1778 Lacedaemonios
779 1736 906 1776 armis
935 1736 1240 1775 barbarorum:
1275 1734 1479 1775 Chabrias
1508 1748 1650 1773 omnes
1678 1733 1797 1773 Pelo-

278 1793 500 1847 ponnesios
521 1793 648 1833 armis
670 1791 1005 1832 Atheniensium.
1041 1790 1292 1830 SOHAEF.

335 1861 434 1901 479,
458 1862 523 1900 27.
557 1850 634 1888 ὅσα
662 1850 705 1887 ἐν
728 1849 868 1900 Κύπρῳ
890 1848 1054 1896 τρόπαια
1083 1846 1242 1897 ἔστησε]
1273 1847 1349 1884 ὅσα
1372 1846 1463 1893 ἐνῆν
1484 1845 1616 1895 πρώην
1637 1845 1797 1893 ἐποίησε

280 1904 490 1944 Aristides
519 1904 560 1943 T.
585 1919 624 1956 p.
650 1915 743 1956 232.
766 1906 1010 1955 portentoso
1032 1914 1185 1940 errore.
1220 1900 1416 1939 REISK.

336 1970 432 2012 479,
469 1961 532 1998 28.
571 1959 641 1998 δέω
676 1957 832 2011 λέγειν]
872 1957 1024 1997 Omisit
1057 1956 1268 1995 Aristides
1304 1970 1325 1994 0
1364 1954 1564 1994 memoria
1598 1954 1794 1994 recitans.

282 2015 477 2054 REISK.

337 2071 433 2119 480,
456 2082 495 2120 3.
520 2070 562 2107 ἐν
585 2068 752 2120 ἑκάστῳ]
782 2067 868 2115 παρ’
894 2067 1043 2119 ἑκάστῳ
1066 2065 1288 2105 Aristides.
1322 2065 1518 2105 REISK.

339 2124 425 2176 νῦν]
456 2124 585 2162 Deest
608 2122 913 2175 exemplaribus
935 2121 1148 2161 Aristidis.
1182 2121 1378 2160 REISK.

340 2180 434 2228 480,
465 2189 505 2230 5.
543 2176 939 2230 ἐνίκησε-τριήρεις]
979 2176 1125 2216 Citant
1162 2176 1321 2215 Anecd.
1358 2175 1491 2214 Bekk.
1528 2189 1567 2227 p.
1605 2174 1696 2227 158,
1734 2185 1796 2227 15.

283 2234 542 2274 SCHAEF.

339 2288 553 2342 ναυμαχίᾳ]
584 2287 655 2326 Ad
678 2286 843 2326 Naxum
864 2286 1052 2331 insulam,
1078 2287 1128 2325 de
1151 2300 1232 2339 qua
1252 2299 1392 2339 pugna
1414 2299 1450 2323 v.
1472 2285 1527 2324 ad
1547 2299 1586 2337 p.
1610 2286 1707 2332 686,
1731 2296 1796 2336 23.

282 2348 326 2384 et
347 2344 580 2383 Rehdantz.
601 2342 653 2381 V.
673 2342 824 2394 Iphicr.
841 2348 882 2381 et
897 2341 1104 2382 Chabriae
1125 2356 1164 2393 p.
1184 2343 1249 2380 61.
1275 2341 1323 2379 Cr.
1344 2339 1629 2379 DINDORF.
1671 2340 1799 2378 Plura

281 2400 360 2438 hoc
390 2398 431 2437 in
462 2398 553 2438 loco
585 2397 767 2437 oratorie
799 2405 1054 2450 exaggerata
1087 2410 1177 2435 esse
1209 2397 1263 2435 ad
1295 2395 1520 2435 Chabriam
1551 2395 1796 2443 ornandum,

283 2454 561 2506 suspicionem
595 2457 762 2492 movent
800 2466 906 2505 quae
937 2452 1077 2505 paullo
1107 2456 1204 2504 post
1234 2451 1431 2504 leguntur
1461 2451 1511 2490 de
1542 2451 1653 2490 nulla
1680 2451 1799 2498 urbe,

282 2510 394 2548 nulla
421 2508 529 2556 navi,
551 2508 663 2547 nullo
693 2507 837 2555 milite,
868 2507 996 2546 ductu
1027 2506 1135 2546 illius
1165 2507 1341 2546 amissis.
1403 2506 1522 2546 Talia
1552 2506 1653 2545 haec
1684 2509 1795 2551 sunt,

283 2578 389 2616 quae
415 2569 511 2616 post
539 2563 752 2602 hominum
780 2563 1021 2602 memoriam
1049 2561 1149 2601 nulli
1171 2575 1354 2614 unquam
1381 2576 1432 2601 ne
1456 2560 1689 2600 felicissimo
1711 2560 1797 2612 qui-

282 2620 377 2658 dem
409 2619 501 2658 duci
533 2618 811 2671 contigerunt.
872 2617 1023 2657 Potest
1057 2621 1199 2656 autem
1229 2616 1319 2656 fieri
1352 2621 1399 2655 ut
1429 2630 1507 2665 res,
1540 2629 1642 2668 quas
1673 2615 1797 2654 hodie

281 2674 534 2727 ignoramus,
556 2673 773 2726 splendida
795 2673 897 2712 haec
925 2672 1141 2712 mendacia
1163 2671 1492 2711 Atheniensibus
1511 2669 1797 2709 verisimiliora

281 2729 480 2774 fecerint&
514 2743 590 2768 nec
617 2743 715 2768 sane
737 2728 944 2767 rationem
965 2726 1215 2767 narrationis
1236 2727 1357 2778 hujus
1382 2726 1423 2764 in
1445 2724 1635 2765 omnibus
1657 2725 1796 2778 explo-

282 2799 376 2823 rare
404 2784 524 2823 nobis
552 2784 661 2823 licet.
694 2783 810 2823 Conf.
835 2783 1085 2835 lVesseling.
1110 2786 1196 2821 not.
1217 2781 1271 2820 ad
1300 2780 1472 2819 Diodor.
1495 2779 1572 2819 vol.
1599 2793 1634 2819 2.
1664 2794 1703 2832 p.
1728 2793 1795 2832 29.

285 2839 331 2876 F.
360 2839 414 2877 A.
438 2838 631 2878 WOLF.
694 2838 917 2877 Mendacia
951 2838 1053 2876 haec
1087 2841 1196 2883 sunt,
1234 2835 1267 2874 si
1304 2836 1510 2875 ἀπώλεσεν
1541 2849 1578 2873 v.
1606 2837 1669 2874 18.
1701 2849 1795 2873 cum

285 2893 441 2933 Wolfio
463 2898 601 2934 vertas
628 2893 778 2943 amisit,
799 2907 930 2945 eaque
950 2897 1039 2932 tam
1068 2891 1261 2939 absurda,
1283 2895 1331 2930 ut
1358 2890 1495 2929 nullus
1515 2889 1640 2929 homo
1669 2903 1795 2930 sanae
