1997 3256
429 156 751 198 ADVERSUS
784 156 1281 198 ARISTOGITONEM
1316 158 1350 197 I.
1539 158 1648 199 1015

136 278 280 306 earum
301 278 344 305 se
365 263 558 304 dubitare
581 263 816 318 significant
838 263 988 304 Pollux
1010 276 1070 312 10,
1096 274 1185 317 155.
1241 265 1304 316 (ἐν
1325 268 1406 305 τοῖς
1433 265 1645 315 ἐπιγραφο-

136 323 268 373 μένοις
297 321 391 373 πρὸς
410 319 744 373 Ἀριστογείτονα)
770 326 812 361 et
841 321 891 360 de
921 320 1060 374 priore
1081 320 1217 360 verbis
1242 323 1275 360 εἰ
1298 321 1459 372 γνήσιος
1481 320 1649 374 Harpo-

135 377 299 419 cration
335 391 367 417 s,
404 392 440 416 v.
478 378 629 428 Θεωρίς
669 381 711 417 et
753 376 905 426 νεαλής.
970 376 1028 416 Et
1061 391 1223 431 semper
1255 378 1339 416 fere
1373 376 1519 430 prima,
1552 391 1649 417 raro

136 434 318 475 secunda
336 433 546 481 laudatur,
569 448 651 487 qua
671 433 722 473 de
743 447 787 473 re
809 433 911 472 satis
932 432 1066 472 habeo
1088 433 1302 473 nominare
1326 433 1646 485 Hermogenem,

139 490 373 545 Longinum
397 490 467 542 (de
490 490 593 530 subl.
611 500 678 544 37,
698 492 773 542 3.),
795 495 937 542 atque,
958 495 1005 528 ut
1028 489 1263 529 Romanum
1284 489 1448 538 addam,
1469 486 1650 529 Plinium

134 546 355 587 Juniorem
389 546 548 600 (Epist.
579 560 616 599 9,
643 547 725 598 26),
749 545 819 599 qui
846 545 940 585 hine
974 545 1178 598 quaedam
1210 550 1257 585 ut
1291 545 1548 586 admirabilis
1577 560 1649 586 au-

136 603 283 643 daciae
303 617 350 643 ae
373 601 645 643 sublimitatis
676 601 865 655 exempla
893 601 1135 654 desumpsit.
1199 601 1453 641 Plutarchus
1485 616 1649 655 quoque

138 659 210 712 (V.
234 659 509 699 Demosthe.
537 660 620 713 15.)
652 672 776 698 unam
810 662 977 698 tantum
1010 657 1135 697 novit.
1198 657 1460 698 Recentioris
1495 658 1649 698 aetatis

136 715 270 756 critici
291 716 360 756 alii
381 722 616 769 utramque,
641 729 747 768 quae
769 713 935 768 Taylori
966 713 1175 754 sententia
1195 714 1285 759 fuit.
1309 714 1377 753 alii
1401 714 1650 754 alterutram

136 772 411 812 Demostheni
432 771 701 812 tribuendam
722 785 811 810 esse
832 774 1055 824 negarunt.
1117 770 1208 823 Ego
1231 770 1410 823 Tayloro
1431 770 1649 819 assentior,

136 843 376 882 quanquam
397 828 553 882 partim
573 827 663 868 aliis
685 842 809 880 quam
840 826 907 866 ille
929 825 1088 866 caussis
1110 831 1248 866 motus
1271 831 1313 866 et
1334 826 1458 866 aliter
1479 827 1530 866 de
1550 826 1650 879 ipsis

134 885 394 925 orationibus
411 884 615 939 judicans.
679 885 822 937 Atque
844 883 894 922 de
916 882 1049 936 prima
1070 886 1117 922 ut
1138 882 1318 936 primum
1340 882 1514 931 dicatur,
1537 887 1650 923 reete

136 941 339 995 Taylorus
372 940 577 981 intellexit
611 940 743 980 multa
783 939 825 979 in
861 954 911 979 ea
950 938 1082 979 inesse
1120 953 1225 993 quae
1265 955 1291 980 a
1325 939 1651 979 Demostheniea

135 998 316 1038 dIOtione
346 997 469 1052 plane
500 996 767 1037 abhorreant.
831 995 1021 1049 Namque
1053 1010 1149 1036 rara
1182 997 1294 1049 apud
1323 996 1651 1036 Demosthenem

134 1054 358 1095 translatio
399 1068 529 1108 eaque
569 1053 711 1094 sobria
750 1067 798 1093 ao
839 1052 1073 1092 verecunda
1096 1068 1104 1091 :
1153 1057 1300 1093 contra
1340 1052 1651 1107 Aristogitonia,

133 1110 269 1165 prima
304 1111 462 1151 referta
488 1114 553 1150 est
586 1108 931 1150 translationibus
965 1108 1153 1162 superbis
1186 1114 1315 1163 atque
1349 1109 1649 1157 audacissimis,

135 1167 277 1222 quales
312 1167 508 1222 leguntur
541 1182 581 1220 p.
618 1168 712 1219 782.
755 1169 793 1206 τί
826 1166 894 1205 οὖν
930 1166 1042 1207 οὗτός
1075 1167 1187 1211 ε’στι;
1222 1168 1321 1206 κύων
1350 1166 1396 1216 νὴ
1428 1167 1518 1211 Δία,
1551 1166 1655 1217 φασί

134 1241 247 1273 τινες,
271 1228 338 1264 τοῦ
370 1223 502 1274 δήμου.
555 1223 752 1269 ποδαπός;
787 1223 879 1268 οἶος,
907 1222 972 1263 οὓς
998 1222 1072 1271 μὲν
1101 1224 1266 1262 αἰτιᾶται
1298 1223 1439 1264 λύκους
1465 1221 1577 1269 εἶναι,
1598 1221 1650 1272 μὴ

135 1280 303 1327 δάκνειν,
328 1281 352 1320 δ.
373 1280 414 1320 δέ
444 1285 541 1332 φησι
562 1279 776 1331 φυλάττειν
796 1280 988 1329 πρόβατα,
1012 1277 1126 1320 αὐτὸς
1148 1280 1380 1324 κατεσθίειν,
1404 1293 1443 1332 p.
1471 1279 1564 1330 784.
1618 1279 1652 1317 εἰ

135 1339 177 1377 δὲ
211 1337 383 1387 κάπηλός
419 1337 504 1376 ἐστι
543 1337 729 1386 πονηρίας
762 1335 823 1374 καὶ
863 1334 1164 1385 παλιγκάπηλος
1198 1335 1259 1374 καὶ
1293 1335 1552 1385 μεταβολεὺς,
1590 1334 1652 1373 καὶ

133 1394 257 1444 μόνον
278 1394 322 1433 οὐ
345 1394 439 1445 ζυγὰ
461 1393 522 1432 καὶ
543 1394 697 1441 σταθμὰ
719 1392 821 1444 ἔχων
842 1389 954 1430 πάνθ’
977 1389 1055 1430 ὅσα
1075 1391 1219 1431 πώποτ’
1243 1391 1408 1442 ἔπραξεν
1431 1392 1586 1436 ἐπώλει,
1616 1391 1656 1429 τί

135 1453 285 1498 τοῦτον,
308 1448 337 1489 ὦ
357 1449 507 1499 μάταιε,
532 1449 698 1500 ἀκονᾷς,
733 1450 821 1488 οὔτε
843 1449 917 1498 γὰρ
944 1448 1115 1501 μαγείρῳ
1146 1449 1342 1500 μαχαίρας
1368 1446 1481 1486 οὐδὲν
1502 1448 1652 1498 ὄφελος

135 1506 340 1556 δήπουθεν,
357 1506 439 1555 ἥτις
458 1505 510 1555 μὴ
526 1504 667 1554 τέμνει·
691 1506 779 1544 οὔτε
799 1504 850 1557 τῷ
871 1502 1101 1556 βουλομένῳ
1125 1503 1170 1543 δι’
1190 1506 1306 1543 αὑτοῦ
1327 1507 1424 1543 πᾶσι
1444 1502 1652 1554 πράγματα

137 1563 198 1602 καὶ
221 1564 318 1602 κακὰ
339 1563 547 1614 γίγνεσθαι
570 1562 589 1600 ὁ
611 1559 713 1600 ταῦτ’
732 1561 1031 1610 ἀποδωσόμενος
1053 1559 1300 1611 συκοφάντης
1322 1559 1436 1600 οὐδέν
1457 1560 1541 1599 ἐστι
1561 1558 1652 1611 χρή-

134 1635 260 1669 σιμος,
283 1633 324 1672 p.
350 1620 444 1670 784.
494 1617 599 1666 πλὴν
621 1618 655 1656 εἰ
685 1616 934 1668 συκοφάντου
959 1632 1015 1658 τις
1045 1616 1067 1665 ἢ
1095 1620 1265 1667 πονηροῦ
1288 1616 1442 1667 σπέρμα
1463 1617 1525 1655 καὶ
1545 1615 1654 1666 ῥίζαν

135 1675 354 1725 ὡσπερανεὶ
388 1673 573 1726 γεωργὸς,
607 1674 726 1712 οἴεται
759 1676 840 1713 δεῖν
870 1672 1060 1724 ὑπάρχειν
1090 1673 1134 1726 τῇ
1166 1674 1293 1719 πόλει,
1319 1690 1350 1712 κ.
1369 1689 1400 1711 τ.
1418 1678 1471 1717 λ.,
1494 1686 1533 1725 p.
1559 1672 1652 1722 786.

134 1732 341 1783 πορεύεται
371 1733 433 1770 διὰ
464 1732 530 1779 τῆς
558 1730 702 1780 ἀγορᾶς
729 1730 860 1780 ὥσπερ
894 1729 976 1781 ἔχις
1006 1727 1028 1778 ἢ
1057 1730 1242 1779 σκορπίος
1268 1728 1390 1782 ᾑρκὼς
1411 1728 1453 1767 τὸ
1477 1727 1650 1778 κέντρον.

135 1803 175 1841 p.
203 1799 296 1841 793.
348 1788 469 1840 τούτῳ
501 1784 531 1825 δ’
555 1785 692 1825 οὐδένα
714 1787 788 1837 ὁρῶ
811 1789 887 1824 τῶν
906 1786 1035 1824 τόπων
1056 1786 1201 1824 τούτων
1221 1786 1395 1835 βάσιμον
1417 1786 1523 1832 ὄντα,
1547 1785 1654 1823 ἀλλὰ

135 1844 263 1884 πάντα
284 1844 523 1895 ἀπόκρημνα,
546 1842 764 1894 φάραγγας,
786 1841 980 1892 βάραθρα,
1002 1856 1042 1894 p.
1067 1853 1160 1892 794.
1193 1845 1313 1880 ταῦτα
1334 1845 1511 1892 γεωργεῖ,
1535 1843 1656 1879 ταῦτα

136 1899 350 1952 ἐργάζεται,
373 1914 413 1953 p.
438 1910 533 1952 795.
583 1898 635 1948 μὴ
658 1898 702 1948 δὴ
723 1897 820 1949 πρὸς
840 1898 906 1939 οὓς
928 1897 1041 1939 αὐτὸς
1070 1898 1224 1949 ἔχωσας
1243 1897 1405 1947 λιμένας
1427 1897 1487 1936 καὶ
1509 1897 1654 1947 προβό-

135 1961 219 1997 λων
241 1955 475 2006 ἐνέπλησας,
497 1954 593 2006 πρὸς
613 1956 770 1996 τούτους
790 1954 1062 2005 προσορμίζου,
1085 1968 1125 2006 p.
1148 1965 1243 2005 797.
1292 1954 1354 1992 καὶ
1376 1954 1399 1993 ἃ
1420 1956 1496 1992 τῶν
1518 1953 1654 1992 ἄλλων

136 2017 213 2053 τῶν
233 2013 480 2065 ἠτυχηκότων
503 2012 665 2052 ἕκαστος
687 2011 865 2062 ἀψοφητὶ
886 2014 999 2059 ποιεῖ,
1017 2009 1125 2049 ταῦθ’
1139 2011 1250 2050 οὗτος
1268 2011 1391 2059 μόνον
1412 2009 1455 2048 οὐ
1478 2009 1655 2049 κώδωνας

138 2069 388 2120 ἐξαψάμενος
419 2068 704 2120 διαπράττεται.
726 2082 766 2120 p.
791 2067 884 2119 798.
937 2069 998 2106 δεῖ
1026 2066 1069 2115 δὴ
1096 2065 1254 2112 πάντας,
1288 2066 1420 2116 ὥσπερ
1452 2066 1488 2104 οἱ
1520 2065 1653 2115 ἰατροὶ,

137 2127 232 2165 ὅταν
254 2126 434 2176 καρκίνον
463 2123 486 2174 ἢ
518 2123 763 2176 φαγέδαιναν
790 2123 812 2173 ἢ
844 2127 920 2162 τῶν
948 2123 1085 2162 ἄλλων
1106 2122 1272 2162 ἀνιάτων
1294 2139 1328 2161 τι
1360 2125 1485 2161 κακῶν
1506 2123 1653 2169 ἴδωσιν,

137 2181 367 2222 ἀπέκαυσαν
397 2181 420 2232 ἢ
451 2180 553 2222 ὅλως
588 2180 809 2231 ἀπέκοψαν,
837 2180 934 2218 οὕτω
965 2182 1077 2218 τοῦτο
1110 2178 1153 2217 τὸ
1182 2179 1315 2229 θηρίον
1343 2179 1440 2228 ὑμᾶς
1468 2176 1654 2228 ἐξορίσαι,

138 2256 169 2278 κ.
192 2255 226 2278 τ.
248 2243 301 2287 λ.,
323 2237 418 2278 alia.
479 2235 657 2276 Accedit
678 2237 898 2276 verborum
928 2235 1134 2275 rariorum
1166 2234 1366 2288 captatiQ
1392 2233 1530 2287 qualia
1557 2236 1656 2272 sunt

136 2310 177 2349 p.
201 2295 294 2349 785.
324 2295 558 2347 μοσχεύητε,
583 2292 827 2344 σπαράττων,
850 2306 890 2345 p.
918 2294 1010 2343 787.
1042 2292 1222 2341 ῥαπίσας,
1246 2305 1285 2343 p.
1311 2290 1405 2340 788.
1452 2289 1593 2337 νεαλὴς
1614 2289 1655 2327 δὲ

139 2352 201 2391 καὶ
235 2351 466 2402 πρόσφατος
497 2350 551 2389 ὢν
583 2351 730 2390 ἐκεῖνος
762 2351 898 2399 περιῆν
932 2348 1047 2386 αὐτοῦ
1079 2346 1403 2398 τεταριχευμένου
1438 2345 1498 2384 καὶ
1529 2344 1656 2383 πολὺν

138 2409 283 2460 χρόνον
306 2407 611 2457 ἐμπεπτωκότος.
634 2419 674 2458 p.
699 2416 791 2457 790.
825 2405 1190 2443 δακτυλοδεικτεῖτε.
1213 2417 1252 2455 p.
1278 2412 1371 2454 794.
1403 2400 1654 2452 μαγγανεύει.

138 2479 179 2518 p.
224 2474 319 2516 799.
366 2458 1196 2514 <twoioyvoepovficrovcn.-—f1·equentissima
1242 2457 1458 2511 asyndeta,
1498 2460 1547 2496 ut
1586 2470 1655 2509 pp.

141 2521 225 2573 776
263 2534 323 2573 sq.
370 2529 462 2571 777.
519 2518 616 2570 785.
663 2518 757 2568 786.
806 2514 1238 2569 798.—-negligentior
1286 2513 1506 2553 verborum
1557 2526 1656 2565 quo-

139 2576 317 2616 rundam
353 2589 464 2623 usus,
494 2578 542 2613 ut
572 2575 698 2613 δίκαια
728 2588 795 2626 pp.
838 2585 932 2623 770.
978 2583 1074 2622 771.
1114 2573 1180 2623 (τὰ
1215 2573 1292 2609 τῶν
1325 2571 1453 2619 νόμων
1493 2568 1654 2616 δίκαια),

139 2647 209 2687 pp.
247 2642 342 2687 773.
389 2642 483 2684 774.
529 2640 639 2682 791..
671 2628 899 2682 praeposit.
943 2629 1019 2667 ἀπό
1055 2642 1125 2680 pp.
1170 2636 1264 2678 773.
1309 2627 1426 2676 776.;
1470 2639 1556 2664 voc.
1588 2641 1656 2665 πο-

141 2690 262 2730 δαπός
291 2702 368 2742 pro
389 2692 500 2728 ποῖος
529 2700 569 2739 p.
597 2686 722 2737 782.;
755 2689 830 2724 τῶν
853 2685 982 2734 νόμων
1013 2687 1178 2734 κρατεῖν,
1202 2688 1384 2734 compotes
1413 2695 1487 2721 esse
1518 2681 1654 2733 layum,

140 2759 180 2799 p.
208 2741 592 2797 776.,—-antitheta
613 2746 661 2781 ut
682 2756 721 2794 p.
747 2752 842 2792 774.
907 2739 1096 2792 Denique
1118 2743 1233 2778 totus
1264 2737 1465 2777 orationis
1488 2736 1656 2776 habitus

142 2806 186 2842 et
208 2800 326 2855 quasi
357 2800 469 2841 color
498 2798 666 2838 minime
695 2802 758 2838 est
780 2795 1139 2837 Demosthenious.
1204 2793 1504 2847 Philosophum
1525 2791 1657 2846 magis

145 2935 219 2966 ἀλλ’
237 2936 390 2974 ἐπιμελῶς
406 2932 687 2974 ἀνταγωνιζόμενος
707 2932 739 2962 ἐν
762 2933 806 2970 τῷ
827 2931 914 2971 λόγῳ
931 2930 1095 2969 δείκνυται,
1112 2929 1146 2960 ὃς
1163 2926 1388 2968 ἐπιγέγραπται
1405 2925 1561 2966 ἀπολογία
1582 2925 1657 2966 πρὸς

143 2978 204 3016 τὴν
220 2978 346 3017 ἔνδειξιν
360 2977 538 3017 Λυκούργου
555 2976 604 3007 καὶ
621 2973 850 3013 Δημοσθένους.
