1997 3256
402 140 463 179 IN
496 140 853 181 ORATJONEM
887 142 922 180 A
932 141 1344 184 RISTOGRATEA
1352 144 1413 184 M.
1579 148 1663 191 879

149 250 270 294 esset,
301 259 384 284 non
415 245 588 285 obscure
613 245 862 298 significavit
879 246 900 286 ἰ.
961 247 1034 286 Ad
1059 247 1387 288 confirmandum
1408 250 1519 302 (111οά
1539 265 1662 304 quae-

149 302 279 341 rimus
307 301 445 341 valent
475 301 604 341 etiam
633 302 759 342 verba
786 301 1006 355 Philippic.
1032 302 1114 342 111.
1136 318 1176 356 p.
1199 316 1290 356 117.
1319 306 1372 345 ὧν
1392 307 1589 349 Φίλιππος
1619 309 1663 348 ἐν

148 358 250 408 τρισὶ
273 359 334 397 καὶ
356 356 448 397 δέκα
471 358 542 410 οὐχ
564 358 673 399 ὅλοις
695 359 824 398 ἔτεσιν
844 359 901 399 οἷς
926 358 1148 406 ἐπιπολάζει
1168 360 1322 410 ἠδίκηκε
1342 361 1430 403 τοὺς
1443 361 1659 412 ’Έλληνας

150 413 268 453 Haec
300 412 435 453 oratio
466 413 612 453 habita
643 418 707 453 est
736 414 898 467 Olymp.
930 427 1016 466 109,
1037 428 1076 467 3.
1106 414 1281 468 ideoque
1308 417 1361 456 ab
1390 421 1559 457 oratore
1586 419 1660 458 ini-

148 469 252 509 tium
276 468 457 522 Philippi
482 469 793 510 inimicitiarum
814 470 855 508 in
878 471 1060 510 Graecos
1087 472 1392 524 erumpentium
1419 473 1474 513 ad
1496 474 1658 528 Olymp.

153 526 243 571 106,
273 538 311 578 3.
346 531 576 566 revocatur.
640 526 869 566 Praeterea
901 525 943 565 in
978 540 1133 566 annum
1165 527 1344 580 primum
1377 528 1538 582 Olymp.
1566 544 1658 583 107.

147 581 328 634 quadrat
349 581 461 621 facta
484 597 523 635 p.
542 584 565 621 6
570 592 637 635 54.
659 582 927 635 aequalitatis
953 583 1109 622 mentio
1134 583 1243 622 inter
1266 583 1457 624 civitates
1481 585 1659 626 Graeco-

147 651 238 676 rum
260 638 527 678 constitutae.
591 638 698 677 Tum
719 638 827 677 enim
850 638 1037 678 Thebani
1060 652 1134 691 per
1156 638 1390 679 Phocenses
1411 641 1517 680 bello
1539 656 1660 682 sacro

148 693 310 747 Olymp.
339 696 428 741 106,
455 706 490 734 2.
520 698 667 733 exorto
695 694 1006 743 coercebantur,
1037 699 1079 734 et
1109 694 1427 735 Lacedaemonii
1456 711 1549 736 cum
1577 699 1659 737 Ar-

145 749 262 803 givis,
286 750 537 798 Arcadibus,
570 749 790 789 Messeniis
823 754 865 789 et
900 750 1226 803 Mcgapolitanis
1256 752 1516 805 pugnabant,
1547 754 1658 807 quod

146 806 298 845 bellum
335 806 496 859 Olymp.
524 808 613 854 108,
644 820 675 845 l.
713 806 1053 859 componebatur.
1129 806 1229 846 Alia
1267 807 1429 848 addunt
1470 808 1658 850 homines

146 862 259 902 docti
296 877 426 915 eaque
461 876 544 901 non
578 862 714 901 minus
748 861 896 902 firma:
938 862 1011 901 sed
1047 876 1175 901 unum
1209 876 1340 916 paene
1376 864 1530 904 oblitus
1566 880 1659 906 sum

146 932 482 966 commemorare,
509 918 620 971 quod
648 917 761 958 haud
789 918 874 957 5010
901 932 955 957 an
983 917 1230 971 palmarium
1260 919 1326 959 sit.
1390 920 1588 975 Phayllus
1616 937 1659 976 p.

146 976 241 1013 661.
275 978 626 1014 commemoratur
658 978 705 1013 111
740 974 932 1027 princeps
965 973 1255 1023 Phocensium,
1290 975 1358 1028 qui
1394 976 1658 1018 Onomarcho

146 1030 308 1083 Olymp.
338 1033 426 1078 106,
448 1045 487 1082 4.
524 1030 744 1070 interfecto
785 1032 994 1070 successit.
1058 1031 1099 1070 Is
1134 1035 1275 1071 tamen
1312 1032 1472 1086 Olymp.
1506 1047 1594 1085 107,
1623 1048 1658 1075 1.

145 1086 269 1125 rebus
290 1086 444 1126 bellicis
472 1090 699 1141 occupatus
720 1086 834 1127 lenta
862 1087 961 1127 tabe
988 1087 1200 1127 confectus
1222 1091 1299 1127 est.
1363 1089 1494 1129 Vivus
1521 1090 1658 1130 adhuc

145 1147 495 1183 connnemoratur
521 1148 565 1182 et
590 1157 716 1196 quum
743 1143 862 1196 plura
886 1143 940 1183 ab
967 1157 1015 1182 eo
1042 1143 1118 1182 hoc
1144 1158 1253 1183 anno
1278 1149 1399 1198 gesta
1424 1145 1509 1186 sint
1539 1146 1657 1186 item-

145 1212 224 1252 que
247 1199 301 1239 ab
331 1200 418 1252 ejus
447 1214 682 1239 successore
705 1199 912 1239 Phalaeco
939 1199 1053 1239 faeta
1080 1200 1327 1248 referantur,
1350 1202 1525 1241 necdum
1554 1208 1657 1243 tem-

144 1269 245 1307 pore
273 1269 444 1295 caussae
466 1256 507 1295 in
530 1255 687 1309 judicio
708 1260 948 1296 transactae
976 1269 1088 1295 mors
1117 1256 1223 1296 illius
1246 1257 1440 1298 Athenas
1462 1259 1658 1300 nuntiata

144 1311 210 1357 sit,
234 1311 452 1351 verisimile
473 1316 536 1352 est
558 1311 791 1352 orationem
811 1311 950 1352 media
973 1316 1137 1352 aestate
1159 1312 1221 1352 vel
1243 1312 1411 1353 ineunte
1431 1319 1657 1355 auctumno

144 1366 334 1407 habitam
364 1382 467 1407 esse.
530 1368 578 1407 111
608 1368 732 1408 finem
759 1368 881 1420 hujus
912 1368 1009 1407 anni
1041 1369 1247 1408 actionem
1275 1369 1476 1410 noluerim
1506 1372 1657 1424 produ-

144 1436 248 1463 cere.
311 1423 437 1463 Initio
470 1424 579 1463 enim
614 1423 759 1463 hiemis
792 1423 1008 1477 Philippus
1041 1424 1254 1464 Heraeum
1289 1440 1530 1479 oppugnare
1567 1441 1658 1467 coe-

142 1483 292 1532 perat3
327 1480 443 1533 cujus
471 1480 529 1520 rei
561 1479 707 1520 nuntio
733 1480 823 1533 jam
852 1484 1041 1533 tempore
1071 1480 1272 1520 orationis
1304 1482 1499 1522 Athenas
1528 1483 1657 1523 allato

143 1535 211 1575 vix
232 1540 335 1589 puto
363 1541 573 1576 oratorem
594 1537 647 1576 ab
677 1550 725 1576 ea
757 1536 1121 1576 commemoranda
1149 1551 1192 1576 50
1219 1537 1431 1578 abstinere
1458 1539 1658 1591 potuisse,

144 1605 271 1644 quum
292 1592 440 1631 civium
467 1592 628 1632 animos
649 1596 871 1645 tantopere
898 1593 1201 1646 perturbasset,
1224 1597 1271 1633 ut
1292 1593 1400 1634 illico
1428 1601 1659 1648 apparatus

142 1648 309 1688 bellicos
331 1648 601 1688 decernerent
615 1648 648 1688 k.

201 1704 422 1758 Reliquum
444 1710 507 1745 est
528 1709 576 1744 ut
603 1705 654 1744 de
681 1704 868 1759 personis
889 1704 1011 1757 hujus
1040 1704 1242 1745 orationis
1264 1704 1441 1746 dicatur.
1502 1705 1653 1747 Habu-

142 1759 222 1800 isse
252 1775 345 1801 eam
377 1760 626 1814 Euthycleln
661 1765 807 1801 contra
847 1761 1086 1815 psephisma
1110 1760 1390 1801 Aristocratis
1419 1776 1546 1816 supra
1571 1762 1654 1803 dic-

142 1821 233 1857 tum
263 1821 341 1856 est.
402 1817 466 1857 De
488 1821 667 1870 utroque
692 1817 792 1856 nihil
820 1817 924 1857 certi
952 1821 1132 1857 constat.
1198 1817 1472 1858 Aristocratis
1502 1833 1653 1858 nomen

141 1873 368 1913 multorum
407 1872 498 1913 fuit.
559 1873 868 1913 Aristocratem
905 1873 1077 1913 Scelliae
1116 1873 1261 1922 filium,
1302 1878 1579 1914 memoratum
1612 1875 1655 1914 in

141 1934 250 1969 orat.
277 1929 370 1968 adv.
397 1928 572 1969 Theocr.
601 1944 640 1982 p.
664 1942 796 1982 1343„
825 1930 878 1970 ab
908 1929 1197 1982 Aristophane
1226 1931 1307 1969 Av.
1335 1943 1424 1981 123.
1467 1930 1654 1984 Thucyd.

143 1986 179 2031 8,
205 1987 269 2037 89.
314 1985 423 2024 Plat.
448 1985 574 2039 Gorg.
598 2000 636 2038 p.
660 1998 746 2035 414
767 1985 829 2033 Β..
851 1985 1067 2025 addictum
1094 1985 1346 2038 optimatum
1375 2000 1557 2036 caussae,
1585 1987 1654 2027 de-

141 2040 236 2080 inde
257 2040 467 2080 inimicum
496 2041 770 2081 dominationi
799 2055 1040 2094 paucorum,
1063 2041 1306 2081 scholiastes
1328 2041 1548 2096 Aristoph.
1571 2043 1595 2082 l.
1618 2058 1653 2083 c.

140 2111 223 2136 non
254 2096 418 2136 differre
447 2112 473 2136 a
503 2096 828 2136 Demosthenico
859 2096 1089 2143 contendit,
1122 2097 1288 2137 dicens:
1321 2100 1424 2148 παρὰ
1454 2099 1497 2137 τὸ
1530 2100 1655 2150 ὄνομα

140 2152 346 2205 πέπαιχεν·
380 2153 465 2192 ἐπεὶ
491 2152 792 2204 Ἀριστοκράτης
819 2154 1012 2192 Σκελλίου
1041 2152 1124 2194 υἱὸς
1154 2153 1212 2202 ἦν·
1245 2153 1290 2192 ὃν
1321 2155 1341 2193 ὁ
1371 2154 1496 2205 ῥήτωρ
1526 2159 1654 2205 Δημο-

141 2208 282 2258 σθένης
314 2209 504 2260 ἔγραψεν.
566 2208 646 2248 Sed
679 2209 715 2248 si
746 2213 922 2262 uterque
952 2223 1058 2248 unus
1088 2208 1281 2262 idemque
1310 2209 1469 2257 fuisset,
1501 2209 1567 2250 hic
1598 2212 1654 2251 ab

142 2264 347 2318 Euthycle
378 2269 598 2304 aecusatus
632 2265 782 2318 grandi
816 2269 957 2305 aetate
988 2264 1225 2317 psephisma
1259 2265 1506 2318 scripsisset,
1541 2267 1653 2320 quod

140 2334 223 2359 non
250 2320 444 2360 credibile
472 2335 560 2360 esse
583 2321 671 2373 jam
698 2322 752 2360 ab
775 2320 954 2374 Tayloro
982 2321 1250 2359 observatum
1278 2326 1354 2360 est.
1416 2321 1561 2374 Neque
1589 2327 1654 2362 est

141 2375 263 2424 idem,
287 2376 355 2428 qui
381 2380 488 2416 orat.
510 2376 551 2415 111
581 2377 736 2416 Conon.
760 2391 798 2429 p.
823 2380 940 2429 1269.
963 2376 1087 2415 homo
1118 2375 1209 2415 vilis
1237 2381 1279 2416 et
1310 2376 1524 2429 improbus
1552 2378 1650 2417 dici-

139 2436 221 2480 tur,
246 2432 407 2484 qualem
435 2446 517 2471 non
546 2432 670 2472 fuisse
698 2446 792 2471 eum
820 2436 967 2472 contra
990 2445 1111 2486 quem
1140 2431 1246 2471 dixit
1268 2432 1572 2472 Demosthenes
1600 2448 1652 2473 ex

139 2487 329 2527 oratione
359 2487 449 2540 ipsa
479 2487 584 2527 satis
614 2487 881 2527 manifestum
912 2492 988 2527 est.
1052 2486 1172 2526 Alius
1207 2488 1392 2540 ejusdem
1423 2488 1599 2528 nominis
1630 2503 1653 2529 e

140 2543 262 2583 demo
284 2543 489 2596 Lamptra
516 2548 633 2583 ortus
661 2544 841 2583 refertur
865 2543 906 2582 in
927 2542 1072 2583 tabula
1095 2543 1154 2582 X.
1176 2557 1211 2582 e.
1235 2546 1302 2594 67.
1328 2554 1394 2594 74.
1415 2543 1652 2597 inscriptio-

140 2613 238 2638 num
264 2599 560 2645 Piraeensium,
584 2614 688 2652 quas
716 2599 953 2639 Boeckhius
980 2598 1123 2646 edidit,
1150 2598 1261 2638 inter
1287 2599 1557 2648 trierarchos,
1580 2601 1650 2653 (1111

139 2655 356 2707 pecuniam
377 2654 627 2707 reipublicae
649 2654 833 2694 debitam
860 2654 1083 2694 solverant.
1147 2653 1188 2692 H
1194 2668 1272 2693 unc
1293 2658 1528 2707 temporum
1550 2656 1650 2696 rati-

140 2725 238 2750 ones
260 2725 342 2750 non
363 2711 593 2764 impediunt
614 2710 832 2763 quominus
857 2724 950 2749 cum
973 2709 1296 2749 Demosthenico
1325 2724 1620 2763 componamus
1640 2728 1648 2751 z

139 2780 233 2805 eum
255 2766 363 2806 enim
386 2766 620 2806 Boeckhius
641 2766 666 2806 l.
689 2780 722 2805 c.
745 2781 783 2819 p.
808 2778 900 2819 233.
924 2765 1033 2805 circa
1055 2765 1219 2818 Olymp.
1241 2778 1475 2819 100—105.
1501 2766 1652 2806 vixisse

181 2901 188 2925 ‘1
206 2903 342 2942 Olynth.
358 2904 384 2933 I.
403 2914 435 2942 p.
455 2913 502 2934 12.
533 2903 672 2942 Philippi
690 2914 738 2934 res
754 2911 858 2942 gestae
925 2909 976 2934 tae
992 2909 1077 2932 sunt.

137 2945 234 2984 hujus
253 2946 403 2985 temporis
422 2946 507 2976 brevi
530 2947 563 2975 in
584 2953 751 2985 conspectu
775 2946 856 2984 posi-
968 2944 985 2967 k
1004 2945 1077 2975 Vid.
1097 2944 1234 2985 Olynth.
1253 2944 1318 2974 III.
1336 2954 1368 2983 p.
1389 2953 1438 2985 29.
