1997 3256
329 165 413 210 996
691 160 1021 202 ADVERSUS
1054 160 1479 201 TIMOORATEM.

390 270 440 309 In
460 267 683 323 postremis
697 265 833 306 verbis
854 264 958 319 legis
978 264 1090 317 apud
1107 263 1434 302 Demosthenem
1452 267 1475 284 “
1490 262 1557 302 τὸυ
1573 260 1843 312 βουλόμευου”

332 325 547 366 Heraldus
583 324 627 374 (l.
652 330 707 377 e.)
739 326 853 362 recte
884 321 938 361 ad
966 320 1128 373 judices
1158 319 1315 365 refe1·t;
1350 333 1446 358 nam
1479 318 1589 372 quod
1622 318 1846 358 Platnerus

332 382 376 429 (l.
400 396 434 422 c.
460 394 496 429 2,
518 393 593 432 17¹3>
619 382 728 431 not.)
752 377 911 432 objicit,
942 377 1011 416 τὸν
1038 378 1286 426 βουλόμενοι]
1311 388 1646 428 unumquemque
1668 373 1846 413 Atheni-

332 438 492 478 ensium
530 436 774 490 significare,
812 448 894 473 non
930 432 1002 479 ita.
1033 437 1078 472 ut
1115 431 1322 484 opinatur,
1356 445 1497 470 verum
1534 435 1609 477 est,
1643 444 1781 482 (11111111,
1813 429 1845 468 si

331 494 463 548 quivis
487 491 810 532 Atheniensium
832 488 1127 543 significandus
1150 493 1226 534 est,
1250 487 1372 540 leges,
1396 487 1466 526 ubi
1499 486 1644 526 stricte
1673 486 1847 539 loquun-

330 556 413 596 tur„
456 562 618 602 semper
658 548 841 587 habeant
883 551 910 568 “
929 547 948 584 ὁ
990 545 1233 594 βουλόμενος
1275 543 1505 592 Ἀθηναίων,
1548 543 1605 584 οἶς
1656 541 1847 591 ἕξεστιν.”

334 603 685 646 SOHELLING.
709 603 759 642 de
783 601 945 642 Solonis
966 600 1125 654 legibus
1146 614 1186 652 p.
1207 610 1440 653 133—135.

393 674 486 715 733,
505 662 541 700 8.
567 662 636 699 ἐὰν
668 658 912 710 προστιμήσῃ
943 658 965 706 ἡ
1000 655 1180 709 (Ηλιαία]
1213 655 1253 694 Si
1286 669 1433 708 nempe
1466 653 1641 694 Heliaea
1677 653 1849 707 dignum

328 716 581 772 judicaverit
603 730 730 763 reum,
755 714 818 755 cui
841 718 1010 767 praeter
1030 711 1341 752 restitutionem
1367 716 1441 751 aut
1464 709 1848 763 compensationem

332 774 457 813 modo
489 773 656 819 dictam,
695 786 800 825 quae
837 775 899 810 est
932 783 1063 823 poena
1094 774 1200 814 rata,
1234 773 1443 815 constans,
1473 782 1497 807 a
1529 765 1690 820 legibus
1721 765 1847 813 dicta,

333 830 433 869 nulli
470 829 734 876 remittenda,
765 827 900 868 adhuc
941 839 1119 879 poenam
1154 823 1329 864 carceris
1369 822 1638 864 arbitrariam
1678 822 1849 876 irroget.

335 885 529 925 REISK.

393 941 698 993 προστιμᾶσθαι]
737 941 1025 990 προστιμᾶσθαι
1058 937 1211 976 dicitur
1245 936 1322 985 ille,
1355 936 1423 990 qui
1456 935 1616 989 judices
1647 938 1771 989 rogat
1802 938 1850 974 ut

334 1012 451 1038 reum
472 1011 606 1050 poena
623 996 801 1049 quadam
824 1000 898 1035 aut
921 994 1120 1047 supplicio
1141 1007 1217 1046 pro
1238 993 1422 1046 ipsorum
1443 992 1619 1032 arbitrio
1640 990 1847 1031 afficiant:

335 1054 445 1108 quod
482 1067 633 1107 rogare
670 1056 838 1105 poterat
876 1065 947 1089 seu
988 1055 1108 1090 actor
1148 1064 1218 1089 seu
1261 1049 1495 1102 quicunque
1530 1048 1645 1095 alius,
1681 1047 1746 1087 cui
1777 1061 1852 1100 per

335 1110 446 1164 leges
466 1109 622 1149 liceret.
655 1110 849 1159 προστιμᾷ
871 1111 1012 1146 autem
1030 1106 1172 1159 judex.
1206 1105 1399 1144 REISK.

395 1177 488 1219 733„
513 1179 575 1204 10.
598 1167 692 1204 ὅται]
722 1165 809 1214 περὶ
842 1167 908 1202 τοῦ
941 1162 1149 1211 τιμήματος
1183 1160 1226 1215 ᾗ]
1261 1160 1425 1200 Scilicet
1460 1162 1482 1210 ἡ
1515 1161 1680 1210 ζήτησις.
1744 1158 1852 1198 Τ11111

337 1222 506 1269 scilicet.
542 1236 635 1261 culn
672 1221 722 1260 de
751 1218 1043 1259 aestimatione
1080 1217 1164 1257 litis
1195 1221 1355 1271 agetur,
1382 1216 1423 1255 in
1456 1231 1604 1256 caussa
1635 1215 1852 1268 ejusmodi,

333 1278 405 1318 ubi
427 1278 562 1318 locum
584 1277 711 1317 habet
732 1276 887 1315 mulcta
911 1275 951 1314 in
974 1289 1082 1318 aere.
1105 1288 1187 1313 non
1209 1287 1344 1326 poena
1366 1273 1568 1327 capitalis.
1598 1271 1794 1312 REISK.

393 1337 461 1374 ἐὰν
481 1334 523 1373 δέ
544 1351 600 1375 τις
622 1335 778 1387 ἀπαχθῇ
813 1350 844 1371 κ.
861 1349 893 1370 τ.
909 1332 967 1384 λ.]
996 1330 1149 1384 Incipit
1170 1330 1236 1369 lex
1259 1344 1376 1377 nova7
1399 1344 1425 1370 a
1445 1329 1586 1383 priori,
1610 1328 1850 1368 resecanda.

393 1449 461 1486 ἐὰν
497 1447 540 1486 δέ
579 1444 715 1494 τις-ἢ
750 1444 996 1497 ἀστρατείας]
1044 1442 1189 1482 (litant
1228 1442 1386 1481 Anecd.
1428 1441 1559 1481 Bekk.
1594 1455 1634 1494 p.
1668 1452 1755 1493 123,
1791 1453 1852 1480 11.

339 1502 590 1543 SCHAEF.

395 1557 572 1613 ἀπαχθῇ]
605 1557 769 1597 Scilicet
792 1556 886 1608 πρὸς
915 1556 985 1604 τὴν
1003 1554 1193 1595 <Ηλιαιάν
1214 1559 1288 1594 aut
1309 1554 1405 1605 πρὸς
1426 1555 1512 1596 τοὺς
1537 1553 1777 1603 θεσμοθέτας
1801 1566 1853 1593 ex

338 1615 503 1656 actione
525 1618 589 1664 τῆς
611 1615 832 1664 ἀπαγωγῆς.
868 1612 1060 1651 REISK.

394 1671 416 1721 ἢ
438 1668 735 1723 προειρημένου]
763 1669 785 1718 ἢ
809 1668 1001 1708 Reiskius
1022 1681 1240 1721 perperam
1262 1665 1424 1706 delevit.
1488 1665 1631 1718 Neque
1662 1664 1772 1704 enim
1798 1665 1850 1704 de

339 1728 500 1767 duobus
522 1726 663 1779 agitur
685 1724 856 1773 delictis,
881 1725 952 1764 sed
975 1724 1025 1763 de
1046 1724 1183 1763 tribus
1202 1739 1208 1762 :
1243 1722 1376 1776 primo
1398 1736 1552 1769 eorum,
1577 1721 1646 1774 qui
1675 1720 1851 1760 convicti

337 1789 435 1824 sunt
458 1786 523 1833 τῆς
544 1778 619 1822 τῶν
640 1782 789 1834 γουέωυ
813 1782 1040 1825 κακώσεως;
1072 1779 1204 1819 altero
1227 1793 1381 1825 eorum,
1406 1778 1474 1831 qui
1496 1781 1561 1827 τῆς
1590 1779 1848 1828 ἀστρατείας;

338 1840 466 1880 tertio
497 1853 650 1878 eorum.
674 1837 743 1892 qui
776 1852 881 1890 quae
908 1837 998 1877 loca
1027 1837 1078 1875 ob
1107 1835 1266 1875 facinus
1290 1843 1344 1887 (e.
1368 1849 1402 1874 c.
1426 1833 1713 1885 homicidium)
1735 1833 1852 1874 adire

337 1896 496 1949 legibus
518 1894 635 1934 vetiti
661 1898 781 1933 erant
799 1899 937 1933 tamen
961 1892 1167 1932 adierunt.
1201 1891 1450 1932 SCHAEF.
1514 1889 1671 1930 Reiskii
1693 1890 1853 1943 conjec-

338 1956 435 1992 tura
466 1965 547 1990 non
577 1951 709 1989 solum
744 1964 826 1988 non
860 1949 1106 1997 necessaria,
1135 1948 1207 1987 sed
1237 1948 1364 1988 etiam
1393 1952 1530 1986 totum
1559 1946 1660 2000 legis
1688 1960 1853 1986 sensum

338 2009 497 2048 turbat.
559 2006 704 2059 Neque
734 2006 843 2045 enim
864 2005 1168 2048 tantummodo,
1192 2004 1223 2043 si
1253 2004 1343 2057 quis
1372 2003 1637 2057 singulorum,
1662 2016 1767 2055 quae
1788 2002 1853 2041 lex

340 2064 540 2110 nominat,
564 2062 795 2108 criminum,
818 2062 889 2100 sed
912 2062 944 2100 si
977 2061 1068 2115 quis
1090 2062 1369 2113 cujuscunque
1391 2059 1585 2106 criminis,
1609 2059 1719 2112 quod
1740 2059 1853 2112 igno-

340 2120 513 2159 miniam
548 2118 773 2157 maximam
808 2124 883 2157 aut
915 2118 1094 2156 mediam
1127 2116 1309 2158 afferret,
1344 2130 1439 2156 reus
1476 2121 1599 2163 esset,
1633 2130 1658 2155 a
1688 2114 1854 2168 templis

341 2175 522 2228 locisque
550 2174 725 2227 publicis
756 2174 993 2221 arcebatur,
1018 2187 1148 2225 eaque
1177 2173 1209 2211 si
1239 2172 1501 2211 nihilominus
1524 2171 1853 2225 ingrediebatur,

340 2231 470 2271 voluit
504 2230 628 2269 Solon
661 2230 702 2268 in
740 2229 956 2269 Heliaeam
993 2229 1174 2268 adducto
1210 2243 1386 2281 poenam
1422 2227 1645 2273 constitui;
1680 2227 1854 2266 crimina

339 2287 468 2340 igitur
499 2287 605 2326 male
634 2285 874 2325 habitorum
902 2292 1122 2338 parentum
1149 2290 1222 2324 aut
1249 2284 1422 2324 militiae
1445 2288 1662 2323 rccusatae
1689 2282 1853 2322 nonnisi

343 2343 519 2396 exempli
541 2357 685 2382 caussa
707 2341 836 2381 allata
860 2347 972 2390 sunt,
1000 2341 1151 2394 quippe
1179 2341 1328 2394 quibus
1357 2340 1516 2380 delictis
1546 2339 1752 2379 maximae
1778 2343 1854 2379 aut

340 2399 500 2439 mediae
522 2398 713 2438 infamiae
744 2412 879 2451 poena
907 2402 999 2437 erat
1022 2397 1265 2437 constituta.
1329 2396 1388 2436 Cf.
1416 2396 1591 2449 Diogen.
1617 2395 1756 2435 Laert.
1780 2395 1850 2435 vit.

344 2456 425 2494 Sol.
452 2457 486 2509 ξ.
510 2465 577 2509 55.
610 2459 652 2494 et
679 2454 885 2493 Andocid.
916 2469 956 2507 p.
987 2467 1048 2501 10,
1074 2466 1149 2504 24;
1179 2453 1279 2493 item
1318 2452 1464 2492 Meier.
1500 2452 1550 2492 de
1584 2453 1679 2491 bon.
1713 2451 1852 2491 damn.

340 2525 379 2563 p.
401 2522 490 2563 127.
552 2511 696 2563 Neque
719 2510 931 2550 offendant
954 2511 1079 2549 verba
1103 2509 1293 2557 oratoris,
1318 2523 1422 2562 quae
1443 2508 1699 2549 antecedunt
1720 2507 1853 2560 ipsam

341 2567 496 2620 legem:
532 2568 740 2617 Aeyo'rrcov
761 2569 836 2616 γὰρ
858 2570 933 2605 τῶν
956 2567 1096 2615 νόμων,
1121 2566 1184 2606 οὓς
1207 2566 1317 2615 ἔθηκε
1341 2567 1490 2611 Σόλων,
1515 2565 1627 2604 οὐδὲν
1648 2565 1778 2613 ὅμοιος
1799 2563 1854 2602 ὢν

341 2624 459 2675 τούτῳ
485 2622 733 2673 (Τιμοκράτει
753 2621 858 2666 scil.)
883 2622 1104 2671 νομοθέτης,
1127 2626 1153 2643 “
1173 2621 1241 2660 ἐάν
1262 2638 1318 2662 τις
1335 2623 1416 2674 ἁλῷ
1441 2623 1585 2669 κλοπῆς
1593 2651 1693 2659 ......
1702 2620 1761 2658 καὶ
1784 2619 1853 2659 ε’άυ

342 2694 398 2719 τις
419 2679 537 2720 ἁλοὺς
558 2681 623 2727 τῆς
646 2679 848 2718 κακώσεως
868 2682 943 2716 τῶν
965 2678 1115 2728 γονέων
1138 2679 1191 2718 εἰς
1212 2677 1281 2726 τὴν
1303 2678 1451 2728 ἀγορὰν
1473 2676 1642 2726 ἐμβάλῃ,
1659 2675 1850 2715 δεδέσθαι·

343 2733 413 2773 κᾶν
435 2735 664 2784 ἀστρατείας
688 2750 742 2775 τις
772 2735 892 2788 ὄφλῃ,
922 2735 987 2773 καί
1015 2750 1049 2772 τι
1080 2737 1155 2772 τῶν
1186 2734 1310 2772 αὐτῶν
1338 2737 1417 2774 τοῖς
1449 2733 1633 2781 ἐπιτίμοις
1662 2733 1767 2785 ποιῇ,
1792 2731 1852 2770 καὶ

341 2792 478 2829 τοῦτον
499 2789 712 2837 δεδέσθαι,”
734 2789 974 2840 Τιμοκράτης
995 2789 1141 2828 ἅπασιν
1162 2790 1295 2828 ἄδειαν
1317 2793 1422 2828 ποιεῖ
1440 2806 1473 2828 κ.
1490 2804 1523 2827 τ.
1542 2793 1579 2827 λ.
1642 2787 1750 2826 Nan]
1774 2787 1852 2826 hoc

343 2859 507 2898 quoque
543 2845 632 2884 loco
667 2845 839 2885 crimina
880 2847 1082 2886 κακώσεως
1116 2848 1160 2884 et
1200 2845 1431 2895 ἀστρατείας
1472 2842 1634 2882 nonnisi
1675 2841 1851 2896 exempli

343 2913 489 2940 caussa
510 2901 726 2949 nominari,
748 2906 888 2940 cetera
908 2906 1049 2941 autem
1071 2900 1223 2949 omnia,
1246 2914 1421 2953 quorum
1451 2913 1585 2952 poena
1614 2899 1751 2939 media
1777 2902 1852 2938 aut

342 2956 523 2996 maxima
559 2957 727 2996 infamia
767 2961 872 3006 erat,
904 2957 993 3010 lege
1028 2961 1172 2997 nostra
1207 2955 1427 3005 contineri,
1462 2956 1588 2996 verba
1622 2954 1851 2996 ostendunt
