1997 3256
494 157 818 198 ADVERSUS
851 157 1314 198 ANDROTIONEM.
1584 158 1668 198 855

148 265 336 313 rendum,
367 263 446 304 hoc
476 263 531 303 ad
560 262 715 304 malum
745 262 1013 303 afferendum.
1084 261 1310 315 Compares
1341 259 1572 300 Homerica
1606 276 1669 300 κα-

148 322 254 376 μάτῳ
277 321 481 370 ἀδδηκότες
500 320 568 369 ἠδὲ
591 321 652 360 καὶ
668 321 787 373 ὕπνῳ,
804 321 910 373 ὕπνῳ
928 320 989 359 καὶ
1006 317 1160 372 καμάτῳ
1178 317 1380 369 ἀρημένος.
1415 316 1668 357 SOHAEF.

152 377 203 417 In
235 392 295 418 or.
328 377 422 417 adv.
458 375 638 416 Timocr.
675 391 714 431 p.
739 387 833 427 701.
870 380 976 415 extr.
1009 374 1219 424 Εὐκτήμων
1250 375 1303 416 εἰς
1338 372 1500 426 χρήματ’
1531 371 1613 412 ἔσθ’
1646 372 1671 412 ἃ

153 437 276 476 κακῶς
297 433 455 473 ἔπαθεν.

207 502 304 543 593,
328 502 367 543 9.
397 490 579 528 ἐκπεσεῖν
606 502 700 528 011111
730 492 804 529 aut
829 487 871 527 in
901 487 1069 528 exilium
1100 485 1191 540 ejici
1221 488 1296 526 aut
1327 484 1494 525 omnino
1525 497 1674 525 caussa

150 545 341 586 excidere
380 544 598 599 significet,
631 548 777 597 aperte
816 544 882 583 hic
920 543 1101 598 priorem
1137 542 1219 583 vim
1258 541 1401 589 habet,
1437 541 1548 594 quod
1584 540 1674 594 jam

150 601 182 642 J
186 602 328 642 urinus
357 601 576 642 intellexit.
643 600 846 654 Ulpianus
874 600 982 640 huuc
1009 599 1145 639 locum
1175 598 1298 651 plane
1325 611 1409 636 non
1438 596 1671 642 intellexit;

151 657 211 698 sic
240 657 349 698 enim
376 656 567 712 scripsit:
601 658 731 707 ἐπειδὴ
758 658 778 696 ὁ
808 656 986 696 κλέπτων
1011 657 1059 695 τὰ
1087 656 1196 694 κοινὰ
1226 655 1279 695 εἰς
1308 653 1443 703 ζημίαν
1469 651 1676 705 χρημάτων

152 714 374 765 βλάπτεται
406 715 467 754 καὶ
494 719 561 766 τῆς
589 714 724 754 οὐσίας
750 714 934 752 ἐκπίπτει·
978 713 1040 751 διὰ
1066 713 1179 750 τοῦτο
1211 711 1330 750 οὕτως
1362 710 1499 759 εἴρηκε·
1544 709 1606 748 καὶ
1633 706 1676 746 τὸ

152 769 241 822 παρ’
264 772 369 820 ὑμῶν
397 771 533 812 ἀδίκως
558 771 751 816 ἐκπεσεῖν,
775 769 833 807 ὅτι
862 767 1105 818 ἐκβέβληται
1134 768 1200 816 τῆς
1231 766 1352 816 ἀρχῆς
1383 764 1446 803 καὶ
1472 766 1537 814 τῆς
1566 765 1677 804 ἀπαι-

153 826 302 876 τήσεως
322 830 399 866 τῶν
421 828 630 877 εἰσφορῶν.
662 825 719 865 διὸ
742 824 804 865 καὶ
825 823 933 864 εἶπεν
954 823 1140 864 ἀδίκως.
1188 820 1254 861 Ea
1274 823 1501 860 narrantur
1521 834 1560 873 p.
1579 820 1676 859 608.

156 882 347 923 FUNK.

210 948 308 993 593,
335 951 399 977 ΙΙ.
421 937 696 987 αἰτιασάμενος
722 936 795 988 γάρ
822 952 883 986 με,
907 952 940 975 κ.
969 951 1002 974 τ.
1030 934 1085 988 λ.]
1118 932 1315 973 Recurrit
1341 932 1383 972 11.
1404 931 1430 972 1.
1456 946 1497 985 p.
1521 943 1615 984 702,
1637 944 1678 983 4.

154 994 273 1036 Citat
294 1008 457 1048 quoque
479 992 690 1033 Aristides
710 992 832 1045 Τέχν.
855 1007 896 1045 p.
921 1002 1015 1045 250.
1048 989 1244 1030 REISK.

212 1060 386 1104 593,15.
405 1050 473 1089 τὸν
489 1050 597 1089 θεῖόν
616 1049 706 1102 μου]
729 1048 1033 1088 Euctemonem
1052 1051 1169 1100 puta.
1203 1043 1400 1084 REISK.
1446 1043 1677 1098 Ulpianus:

155 1107 240 1147 Οὐκ
267 1107 432 1156 ἠδύνατο
452 1104 689 1156 Ἀνδροτίων
717 1105 842 1157 φόνου
871 1104 1104 1155 κατηγορίαν
1133 1103 1229 1142 κατὰ
1255 1105 1324 1141 τοῦ
1347 1102 1546 1152 Διοδώρου
1574 1099 1683 1149 ποιή-

155 1165 307 1202 σασθαι
335 1161 387 1212 μὴ
419 1161 473 1202 ὢν
505 1165 570 1201 τοῦ
603 1160 898 1212 πεφονευμένου
934 1158 1140 1211 συγγενής·
1179 1158 1307 1200 αὐτοῖς
1337 1159 1412 1209 γὰρ
1439 1158 1573 1207 μόνοις
1601 1157 1682 1195 ἐπι-

155 1218 367 1270 τρέπουσιν
388 1219 425 1257 οἳ
453 1219 577 1268 νόμοι.
609 1217 802 1269 γράφεται
829 1218 898 1256 οὖν
925 1216 993 1256 τὸν
1015 1215 1192 1266 ἀδελφὸν
1216 1217 1284 1253 τοῦ
1311 1213 1553 1268 ἀνῃρημένου
1575 1215 1683 1252 θεῖον

157 1277 255 1314 ὄντα
274 1278 342 1314 τοῦ
364 1275 563 1325 Διοδώρου
585 1274 773 1323 ἀσεβείας
793 1291 825 1313 κ.
848 1289 880 1312 τ.
903 1277 942 1311 λ.
988 1271 1041 1310 V.
1067 1271 1214 1311 Meier.
1237 1270 1288 1308 de
1309 1269 1383 1309 lite
1404 1270 1500 1309 Att.
1522 1283 1562 1322 p.
1589 1269 1682 1319 164.

158 1330 341 1371 FUNK.
402 1330 526 1370 Adde
549 1329 824 1370 Schoemann.
848 1328 996 1381 Antiq.
1018 1327 1129 1381 publ.
1152 1342 1193 1380 p.
1218 1326 1312 1367 288.

216 1397 313 1441 593,
338 1399 403 1440 23.
439 1388 545 1437 παρὰ
576 1385 713 1436 μικρὸν
748 1385 837 1424 fieri
871 1384 1024 1424 dieitur
1064 1384 1176 1436 quod
1207 1386 1350 1422 utrum
1384 1381 1461 1421 fiat
1493 1393 1623 1420 necne
1657 1394 1684 1420 a

158 1457 290 1497 parvo
310 1448 522 1483 momento
543 1441 710 1495 pendet,
734 1446 782 1481 ut
807 1441 849 1480 in
874 1440 973 1480 locis
1000 1440 1053 1480 ab
1083 1439 1224 1479 Reisk.
1247 1436 1501 1491 comparatis
1522 1451 1562 1490 p.
1585 1436 1682 1475 688.

159 1501 266 1551 παρὰ
286 1503 386 1550 τρεῖς
413 1500 486 1550 μὲν
508 1499 681 1550 ἀφεῖσαν
702 1497 862 1549 ψήφους
887 1497 930 1536 τὸ
951 1495 1002 1546 μὴ
1025 1495 1176 1548 θανάτῳ
1204 1498 1401 1545 ζημιῶσαι.
1433 1508 1473 1546 p.
1498 1505 1592 1546 743,
1618 1503 1683 1533 21.

159 1554 248 1606 παρ’
279 1556 416 1607 ὀλίγας
445 1554 607 1607 ψήφους
633 1554 864 1604 ἠτιμώσατε.
891 1567 932 1607 p.
961 1563 1055 1602 217.
1087 1551 1108 1591 δ
1140 1550 1225 1602 παρ’
1257 1549 1471 1602 ἐλάχιστον
1500 1549 1686 1600 ἐποίησεν

161 1612 300 1653 αὐτοὺς
322 1613 580 1663 ἀφαιρεθῆναι
601 1611 753 1651 δικαίως
771 1608 841 1660 τὴν
864 1611 959 1649 κατὰ
980 1607 1180 1648 θάλατταν
1200 1608 1426 1659 ἡγεμονίαν.

221 1677 318 1722 594,
339 1681 372 1707 1.
394 1667 562 1720 τουτονὶ]
600 1666 801 1706 Praestat
821 1669 970 1714 τοῦτον,
995 1664 1107 1718 quod
1127 1669 1192 1704 est
1213 1663 1255 1703 in
1279 1662 1320 1702 S.
1342 1661 1532 1715 aliisque.

221 1734 319 1778 594,
341 1735 382 1777 5.
417 1724 598 1776 δημοσίᾳ]
641 1722 735 1762 Non
767 1721 1027 1776 jungendum
1059 1735 1153 1760 eum
1182 1720 1310 1761 verbo
1340 1715 1682 1768 πεπολιτευμένος,

166 1781 241 1821 sed
261 1784 486 1833 utrumque
506 1793 582 1833 per
603 1793 646 1819 se
667 1778 863 1832 positum.
908 1777 1092 1817 FUNK.

225 1847 406 1890 594,12.
440 1836 738 1876 ἁπλοῦν-οὐδὲ
770 1837 919 1874 δίκαιον
944 1833 1073 1886 οὐδὲν]
1108 1832 1296 1872 Adverte
1326 1830 1369 1870 in
1399 1829 1688 1871 enuntiatione

167 1892 365 1947 negativa
384 1891 637 1946 particulam
658 1891 747 1930 οὐδὲ
768 1890 855 1930 vice
876 1889 993 1944 fungi
1017 1889 1190 1942 copulae
1212 1889 1287 1928 καί.
1331 1886 1584 1927 SOHAEF.

226 1961 323 2002 594,
343 1961 407 2002 13.
428 1949 612 1988 πλάττων
635 1947 697 1987 καὶ
717 1947 918 2000 παράγων]
958 1942 1024 1985 Sic
1045 1960 1089 1998 p.
1114 1946 1208 1998 987,
1228 1957 1303 1993 14:
1337 1947 1450 1983 τοῦτο
1472 1945 1548 1995 γὰρ
1570 1940 1691 1982 πλάτ-

168 2021 305 2045 τουσιν
340 2005 446 2045 οὗτοι
487 2005 547 2044 καὶ
586 2003 821 2055 παράγουσι,
857 2001 1066 2056 significat
1100 2000 1271 2054 aliquod
1309 2005 1575 2047 commentum,
1617 2012 1692 2052 quo

169 2061 361 2115 decipias,
393 2061 548 2112 afferre.
617 2059 749 2099 Plane
784 2064 831 2098 ut
864 2058 1055 2110 παράγειν
1087 2074 1123 2097 τι
1155 2056 1310 2096 dicitur
1342 2056 1564 2108 φενακίζειν
1596 2071 1633 2094 τι
1667 2068 1694 2094 a

172 2117 293 2157 Dem.
315 2132 356 2171 p.
380 2118 476 2170 362.
520 2115 705 2155 FUNK.

228 2187 325 2227 594,
349 2174 412 2213 16.
440 2173 661 2225 ἐσχόλακεν
684 2173 743 2212 ἑνὶ
767 2171 904 2225 τούτῳ]
943 2170 1066 2224 Vulg.
1093 2169 1315 2222 ἐσχόλακεν
1337 2168 1381 2208 ἐν
1402 2168 1536 2221 τούτῳ.
1599 2166 1694 2207 Ma-

171 2229 243 2270 lim
265 2231 488 2282 ἐσχόλακεν
510 2229 568 2269 ἑνὶ
588 2229 723 2282 τούτῳ.
773 2227 865 2267 kuic
885 2227 958 2267 uni
984 2227 1043 2267 rei
1065 2225 1235 2266 vacavit.
1297 2223 1463 2264 Scilicet
1484 2226 1535 2277 τῷ
1557 2222 1693 2274 λέγειν

172 2285 367 2338 ἐντέχνως
387 2285 450 2325 vel
471 2289 667 2337 τεχνικῶς.
700 2283 897 2324 REISK.
958 2283 1054 2323 Non
1084 2281 1163 2321 fuit
1194 2295 1269 2321 cur
1298 2280 1402 2320 haec
1430 2279 1615 2319 omnium
1645 2278 1692 2318 li-

173 2343 347 2382 brorum
377 2341 586 2394 scriptura
610 2341 887 2381 desereretur.
928 2338 1142 2391 σχολάζειν
1164 2338 1207 2377 έν
1227 2353 1302 2377 τινι
1323 2336 1348 2375 1.
1372 2350 1412 2389 q.
1435 2334 1695 2388 ἐνσχολάζειν

174 2399 261 2438 τινί.
297 2397 550 2438 SOHAEF.
612 2397 708 2437 Non
729 2395 1007 2435 dubitandum
1029 2394 1129 2447 quin
1150 2392 1230 2432 (1101
1259 2391 1394 2445 possit
1415 2390 1630 2444 σχολάζειν
1652 2391 1697 2430 ἐν

175 2471 263 2503 τινι,
287 2452 638 2507 quemadmodum
667 2451 876 2505 σχολάζειν
897 2451 992 2501 πρὸς
1020 2451 1064 2505 τῇ
1092 2450 1191 2502 λύρᾳ
1212 2448 1319 2488 dixit
1342 2446 1536 2487 Phalaris
1558 2445 1696 2499 Epist.

176 2525 216 2564 p.
249 2511 319 2561 64,
344 2523 408 2562 19.
475 2509 559 2549 Sed
592 2513 707 2548 reete
743 2507 874 2547 sensit
909 2506 1104 2546 Reiskius
1142 2504 1312 2545 consilio
1347 2502 1528 2543 oratoris
1563 2502 1696 2542 multo

176 2566 323 2606 melius
354 2565 572 2605 convenire
602 2566 660 2605 ἑνὶ
685 2565 817 2618 τούτῳ.
880 2563 950 2602 Ad
980 2562 1058 2602 1100
1091 2564 1385 2615 argumentum
1412 2573 1540 2612 quum
1571 2557 1697 2598 inusi-

177 2626 272 2663 tata
292 2621 467 2663 accedat
492 2626 707 2662 structura
728 2620 842 2660 verbi
865 2633 958 2659 cum
988 2616 1297 2672 praepositione
1321 2617 1376 2662 ἐν,
1400 2629 1484 2655 non
1505 2613 1697 2654 dubitavi

179 2680 238 2720 ἑνὶ
258 2678 492 2719 restituere.

233 2748 330 2788 594,
349 2747 414 2789 23.
435 2737 502 2774 τοῦ
525 2732 859 2785 ἀπροβουλεύτου]
898 2729 1057 2771 Anecd.
1074 2729 1205 2770 Bekk.
1221 2743 1262 2782 p.
1278 2741 1375 2779 440,
1394 2739 1459 2768 21.
1475 2725 1696 2778 Ἀπροβού-

177 2795 331 2831 λευτον·
373 2791 416 2830 τὸ
447 2790 499 2841 μὴ
529 2791 718 2842 πρότερον
750 2790 803 2830 εἶς
835 2787 905 2837 τὴν
934 2786 1100 2836 βουλὴν,
1134 2784 1224 2825 ἀλλ’
1249 2785 1358 2827 εὐθὺς
1389 2785 1443 2826 εἷς
1472 2783 1543 2823 τὸν
1574 2785 1696 2834 δῆμον

181 2848 369 2900 εἶσαχθὲν
387 2846 591 2899 ψήφισμα.
635 2847 731 2885 οὕτω
755 2843 1022 2894 Δημοσθένης.
1066 2841 1249 2882 FUNK.

238 2913 336 2956 594,
361 2905 427 2944 26.
448 2902 571 2956 ταῦτ’]
609 2900 788 2950 Scilicet,
817 2913 918 2940 eane
949 2902 1119 2939 senatus
1149 2896 1295 2951 egerit,
1318 2909 1424 2949 quae
1452 2894 1578 2949 digna
1609 2892 1695 2934 sint
