1997 3256
515 148 840 190 ADVERSUS
874 150 1292 192 TIMOORATEM.
1578 155 1660 196 985

149 257 289 307 potest
310 267 403 293 eum
424 267 506 292 non
528 254 706 308 legisse
696 269 736 293 111
758 255 864 295 libro
885 270 959 295 suo
981 255 1130 308 λάθρᾳε
1166 256 1277 309 quod
1299 255 1331 295 si
1356 255 1661 297 Demosthenes

148 309 323 358 addidit
339 309 649 350 excusationem
663 311 791 352 habet
808 312 861 352 ab
876 311 1010 351 xerbis
1032 311 1218 364 pluribus
1240 311 1383 351 inter'
1367 328 1409 352 εν
1422 314 1661 367 παραβύστῳ

149 370 191 405 et
211 365 337 419 λάθρᾳ
357 365 597 419 interjectis.

206 432 301 473 715,
339 434 402 472 24
437 422 633 476 ἀνέγνων]
679 422 789 477 Lege
830 423 994 474 ἀνέγνω,
1030 437 1085 462 sc.
1125 424 1144 462 ὁ
1186 423 1440 474 γραμματεὺς,
1477 428 1525 464 ut
1565 438 1661 463 mox

147 491 186 530 p.
212 479 305 529 716,
332 490 409 531 25„
441 478 512 517 ubi
543 479 649 518 male
680 480 856 530 ἀνέγνων
878 478 1084 518 Reiskius.
1148 480 1281 532 Supra
1304 494 1342 532 p.
1367 490 1459 530 714,
1485 481 1549 519 26.
1573 479 1662 519 dix-

148 536 239 572 erat
272 533 710 585 λέγε-ἆναγνώσεται.
756 550 792 588 p.
833 546 926 587 720,
954 547 1017 587 15.
1059 536 1152 585 746,
1183 548 1245 586 17.
1290 536 1384 587 856,
1410 546 1447 587 7.
1488 535 1660 575 DOBR.

149 589 267 629 Conf.
291 590 344 629 ad
367 605 406 643 p.
431 601 524 642 703,
549 592 614 630 26.

206 657 300 698 715,
326 658 346 684 2
351 659 390 699 5.
415 647 610 696 πρόσοδον
631 646 878 698 γράψασθαι]
906 646 971 685 Sic
1002 645 1210 685 Isocrates
1233 645 1558 699 Areopagitico:
1592 647 1663 696 τὴν

147 702 342 752 πρόσοδον
371 701 680 753 ἀπογράψασθαι
709 703 770 741 καὶ
798 702 1048 751 ποιήσασθαι.
1086 701 1276 741 WOLF.
1339 701 1463 742 Hanc
1490 702 1663 743 locutio-

148 771 241 797 nem
273 757 455 810 explicat
488 757 833 797 Hemstcrhusius
861 758 915 797 ad
942 757 1119 797 Luciani
1148 757 1362 797 Prometh.
1399 772 1442 797 es
1473 757 1514 797 in
1547 759 1658 799 verb.

150 815 186 865 ᾧ.
213 815 250 852 6.
287 813 546 854 TAYLOR.
613 814 845 867 Impetrare
867 818 913 853 ut
939 813 993 853 ad
1019 817 1212 853 senatum
1233 813 1413 853 adeundi
1436 817 1478 854 et
1500 828 1591 853 cum
1613 829 1663 855 eo

146 869 296 923 agendi
333 870 451 910 venia
484 870 640 923 scripto
680 869 928 923 consignata
969 873 1011 909 et
1052 869 1217 909 nomine
1257 874 1427 909 senatus
1466 885 1492 910 a
1525 871 1663 911 scriba

146 925 311 979 publico
332 926 409 966 tibi
432 926 619 966 exhibita
641 925 920 979 impertiatur,
944 930 1168 979 postquam
1189 926 1353 966 senatui
1375 926 1489 966 brevi
1511 926 1660 976 libello,

147 997 229 1035 qua
250 982 301 1022 de
322 997 365 1022 1e
387 996 480 1021 cum
509 996 557 1021 eo
585 996 709 1036 agere
732 982 867 1030 velles,
890 983 1162 1022 exposuisses.
1227 982 1318 1033 Quo
1339 983 1450 1022 facto
1478 987 1660 1033 senatus,

147 1038 182 1077 si
199 1052 390 1078 caussam
407 1038 503 1091 dign
507 1053 574 1078 am
591 1038 628 1077 11
620 1039 721 1078 Lbei
723 1044 777 1087 et
797 1039 849 1078 de
865 1053 974 1092 quat
963 1039 1016 1078 ad
1033 1039 1231 1092 populum
1247 1039 1484 1086 1·efer‘·1etm,
1500 1039 1663 1079 veniam

147 1094 276 1134 dabat
308 1094 468 1148 petenti
502 1109 595 1134 cum
631 1095 784 1148 populo
815 1095 967 1147 aoendi
996 1095 1300 1149 delegabatque
1328 1071 1569 1149 prohedros,
1593 1095 1662 1149 qui

147 1165 239 1191 eam
261 1165 453 1191 caussam
474 1151 626 1205 populo
647 1129 941 1205 proponerent.
977 1151 1170 1191 REISK.

207 1209 300 1259 716,
323 1220 362 1260 3.
391 1206 426 1259 γ’
450 1208 609 1258 ἐδόκεις]
646 1207 741 1247 Duo
773 1207 891 1247 codd.
923 1224 969 1259 γε
999 1211 1122 1250 δοκεῖς
1150 1208 1213 1247 vel
1241 1224 1286 1259 γε
1315 1210 1438 1257 δοκῆς.
1503 1207 1543 1246 V
1547 1221 1663 1247 erum

147 1268 211 1303 est
245 1265 401 1305 ἐδόκεις.
466 1263 768 1304 Enuntiatione
801 1264 908 1304 enim
939 1263 1116 1304 liberata
1148 1263 1471 1303 constructionis
1502 1263 1662 1303 vinculo

146 1324 290 1359 orator
317 1320 393 1359 hoc
415 1319 540 1359 dicit:
575 1322 608 1360 εἰ
635 1324 772 1360 τοῦτον
799 1320 868 1359 τὸν
896 1321 1039 1371 τρόπον
1065 1321 1322 1371 ἕπραττες-,
1346 1321 1412 1359 οὐκ
1441 1318 1490 1359 ἂν
1519 1321 1663 1363 ἐδόκεις

147 1377 431 1425 ἐπιβουλεύειν,
469 1377 647 1415 ἀλλὰ-.
698 1376 813 1416 Conf.
856 1391 895 1429 p.
927 1387 995 1425 47,
1024 1377 1108 1426 48.,
1146 1375 1216 1415 ubi
1258 1390 1348 1416 culn
1390 1375 1544 1415 idioma
1583 1376 1662 1416 11οο

146 1432 426 1485 syntacticum
449 1432 605 1472 scribas
626 1432 796 1486 perinde
818 1432 1070 1481 offendisset,
1088 1432 1232 1472 similis
1253 1436 1355 1472 nata
1377 1436 1441 1472 est
1461 1431 1663 1472 librorum

145 1488 366 1528 fluctuatio
388 1488 497 1528 inter
517 1488 564 1538 ἦν
587 1492 628 1528 et
649 1487 683 1539 ἦ.
720 1488 970 1528 SOHAEF.

201 1546 334 1595 γνώμῃ
375 1546 608 1596 διαμαρτὼν]
649 1545 778 1599 Apud
822 1545 1051 1585 Isocratem
1072 1560 1079 1584 ε
1133 1547 1199 1595 τῆς
1238 1545 1391 1596 γνώμης
1429 1542 1452 1594 ἢ
1493 1546 1663 1587 διανοίας

148 1603 371 1652 διαμαρτεῖν
391 1600 413 1650 ἢ
436 1604 681 1652 διεψεῦσθαι.
719 1601 910 1641 WOLF.

204 1659 298 1707 716,
322 1658 360 1696 6.
401 1658 540 1708 θεῖναι]
581 1660 706 1697 θεῖναι
738 1658 843 1697 bene
875 1657 1015 1697 habet.
1081 1655 1300 1697 Sententia
1336 1660 1424 1696 est:
1472 1671 1520 1696 eo
1553 1657 1660 1710 quod

144 1713 276 1767 legem
304 1717 421 1753 tuam
449 1727 531 1752 non
561 1713 694 1753 modis
724 1713 910 1754 honestis
940 1713 1217 1767 legitimisque
1247 1712 1384 1766 palam
1412 1712 1558 1761 tulisti,
1590 1713 1662 1752 sed

145 1769 372 1822 subjecisti,
387 1770 427 1809 h.
448 1783 482 1808 e.
503 1769 544 1808 in
565 1774 726 1810 veteres
747 1771 900 1823 probas
922 1770 1032 1824 leges
1053 1774 1170 1810 tuam
1188 1768 1385 1823 spuriam,
1402 1768 1660 1817 ementitam,

144 1825 404 1880 illegitimam
454 1825 676 1879 ingessisti,
725 1825 945 1874 intrusisti,
994 1825 1139 1866 furtim
1189 1824 1409 1864 immisisti.
1464 1824 1661 1865 REISK.

146 1882 303 1922 Facete
329 1881 512 1935 loquitur
540 1886 684 1922 orator
713 1882 992 1922 Timocratem
1022 1896 1112 1922 esse
1140 1881 1292 1929 dicens,
1323 1895 1405 1920 non
1435 1881 1660 1932 νομοθέτην,

144 1938 217 1978 sed
240 1938 500 1988 νομεμβολέα,
524 1938 593 1978 τὸν
622 1940 739 1988 νόμον
767 1943 969 1992 tanquam
996 1940 1294 1990 παραβύσαντα.
1357 1937 1472 1978 Conf.
1498 1953 1537 1991 p.
1564 1948 1659 1992 715,

148 2007 212 2034 21.
250 1994 500 2034 SCHAEF.

205 2053 297 2102 716,
327 2064 389 2103 13.
434 2050 586 2104 ὀφλὼν]
624 2051 737 2090 Male
773 2050 968 2091 Reiskius
1002 2051 1176 2102 ὀφείλων
1208 2049 1377 2104 ignarus
1413 2049 1663 2089 discriminis

146 2107 256 2147 inter
277 2107 382 2146 haec
402 2107 484 2146 duo
505 2108 645 2146 verba.
671 2109 846 2159 ὀφείλων
867 2112 932 2147 est
953 2106 1103 2155 debens,
1120 2107 1258 2158 ὀφλὼν
1279 2106 1492 2146 damnatus
1512 2105 1633 2146 debiti
1647 2120 1660 2144 .·

145 2177 251 2216 quae
275 2163 365 2217 ipsa
387 2177 535 2203 caussa
556 2168 620 2203 est
641 2178 713 2203 cur
735 2163 879 2203 melius
901 2163 1110 2203 scribatur
1131 2163 1281 2214 ὀφλών.
1342 2162 1492 2202 Potest
1512 2161 1661 2216 aliquis

145 2221 336 2270 ὀφείλειν,
366 2219 435 2273 qui
461 2220 645 2259 nondum
674 2219 822 2271 ὦφλεν.
888 2220 942 2260 V.
966 2234 1063 2259 mox
1091 2234 1127 2259 V.
1164 2220 1224 2258 16.
1255 2218 1323 2258 τὸν
1351 2220 1471 2268 νόμον
1499 2219 1565 2258 τὸν
1597 2217 1659 2258 ἀπ’

147 2276 293 2325 ἐκείνης
315 2277 525 2315 κελεύοντα
551 2279 615 2325 τῆς
642 2276 786 2327 ἡμέρας
814 2277 1006 2327 ὀφείλειν,
1031 2275 1097 2327 ἀφ’
1119 2275 1164 2325 ἧς
1186 2273 1234 2314 ἂν
1255 2276 1361 2329 ὄφλῃ
1383 2289 1422 2327 p.
1452 2276 1569 2328 1328,
1598 2289 1611 2314 1
1632 2289 1660 2314 1.

145 2331 213 2371 τὸν
236 2333 367 2381 νόμον,
387 2331 428 2373 ὃς
449 2333 627 2382 ὀφείλειν
649 2331 709 2371 ἀπ’
733 2334 879 2382 ἐκείνης
902 2333 1052 2372 κελεύει
1073 2334 1138 2381 τῆς
1159 2330 1316 2382 ἡμέρας,
1339 2330 1404 2382 ἀφ’
1423 2331 1468 2380 ἧς
1489 2330 1537 2370 ἂν
1554 2332 1661 2382 ὄφλῃ

145 2402 184 2441 p.
213 2398 331 2440 1337,
357 2398 421 2440 27.
458 2388 709 2427 SGHAEF.

205 2448 298 2496 716,
329 2445 389 2482 16.
420 2443 638 2497 ἡλιάζηται]
673 2444 846 2497 Proprie
883 2444 934 2483 de
968 2443 1130 2483 heliaea
1166 2442 1323 2482 dictum
1358 2442 1425 2482 hic
1457 2441 1566 2481 idem
1597 2447 1662 2482 est

147 2500 257 2553 quod
295 2499 435 2549 δικάζῃ.
499 2500 668 2540 Monuit
710 2499 938 2539 Ullrichius
977 2499 1019 2539 in
1056 2499 1250 2553 Append.
1289 2498 1342 2538 ad
1381 2498 1571 2538 Platonis
1602 2498 1661 2537 di—

145 2556 288 2610 alogos
314 2555 391 2594 IV.
413 2571 453 2609 p.
478 2566 571 2608 252.

206 2613 298 2665 716,
328 2612 391 2651 18.
418 2614 487 2651 ἐὰν
508 2611 550 2650 δε
571 2612 755 2661 τις-τὴν
778 2612 1102 2664 ἐπιχειροτονίαν]
1129 2611 1177 2650 Se?
1198 2609 1318 2650 (lade)
1323 2610 1351 2650 it
1371 2609 1498 2650 alicui
1517 2611 1662 2661 suff'ra-

140 2668 299 2722 qim-am
319 2682 402 2720 qus.
440 2669 575 2707 δοιναι
602 2684 677 2707 τινι
712 2668 781 2717 τὴν
815 2669 1136 2719 ἐπιχειροτονίαν,
1171 2667 1269 2706 dare
1301 2665 1428 2705 allechi
1461 2666 1661 2720 seffaqa-

140 2713 297 2764 ‘tionem
361 2724 518 2763 Utrum
552 2730 615 2763 est
647 2722 897 2776 comprobamv
922 2723 1227 2776 postulationem
1265 2722 1439 2775 alicujus
1472 2736 1525 2761 an
1563 2723 1662 2763 dare

144 2780 241 2820 aliis
271 2780 502 2819 decernendi
532 2782 794 2833 potestatem?
830 2779 1017 2818 WOLF.
1081 2778 1308 2827 Posterius,
1344 2782 1392 2817 ut
1430 2782 1546 2831 puto.
1582 2780 1661 2818 ἐπι-

145 2838 391 2888 χειροτονίαν
412 2840 538 2876 ποιεῖν
559 2851 598 2889 p.
624 2838 716 2888 706,
748 2848 806 2875 10.
842 2835 1091 2875 SCHAEF.

206 2894 299 2945 716,
325 2905 389 2932 22.
415 2893 604 2944 ἕργον-,
630 2891 911 2944 εἰ-ἐροῦμεν]
934 2891 1085 2931 Rarior
1106 2889 1388 2930 constructio:
1422 2903 1519 2929 nam
1541 2889 1662 2944 vulgo

147 2948 301 2988 dicitur
323 2948 439 2999 ἔργον
461 2949 544 2988 ἐστὶ
565 2948 712 2999 λέγειν.
750 2947 974 3001 Dionysius
997 2947 1136 2987 Halic.
1162 2951 1238 2986 vol.
1269 2960 1301 2985 1.
1324 2961 1363 2999 p.
1387 2959 1465 2999 249
1484 2945 1533 2985 R.
1559 2946 1662 2986 πολὺ
